%YAML 1.1
%TAG !u! tag:unity3d.com,2011:
--- !u!1 &3153216501295836539
GameObject:
  m_ObjectHideFlags: 0
  m_CorrespondingSourceObject: {fileID: 0}
  m_PrefabInstance: {fileID: 0}
  m_PrefabAsset: {fileID: 0}
  serializedVersion: 6
  m_Component:
  - component: {fileID: 3562020824565826045}
  m_Layer: 0
  m_Name: GameObject (1)
  m_TagString: Untagged
  m_Icon: {fileID: 0}
  m_NavMeshLayer: 0
  m_StaticEditorFlags: 0
  m_IsActive: 1
--- !u!4 &3562020824565826045
Transform:
  m_ObjectHideFlags: 0
  m_CorrespondingSourceObject: {fileID: 0}
  m_PrefabInstance: {fileID: 0}
  m_PrefabAsset: {fileID: 0}
  m_GameObject: {fileID: 3153216501295836539}
  m_LocalRotation: {x: 0, y: 0, z: 0, w: 1}
  m_LocalPosition: {x: -2.8185737, y: 0.41960287, z: -0.66676384}
  m_LocalScale: {x: 1, y: 1, z: 1}
  m_Children:
  - {fileID: 113369857271852545}
  - {fileID: 950730564789878631}
  - {fileID: 1128719069943736379}
  - {fileID: 4274264311787645882}
  - {fileID: 4627562414436515599}
  m_Father: {fileID: 0}
  m_RootOrder: 0
  m_LocalEulerAnglesHint: {x: 0, y: 0, z: 0}
--- !u!1001 &950730564790265319
PrefabInstance:
  m_ObjectHideFlags: 0
  serializedVersion: 2
  m_Modification:
    m_TransformParent: {fileID: 3562020824565826045}
    m_Modifications:
    - target: {fileID: 100000, guid: 6c2384502700bea4fb61d118958b10c6, type: 3}
      propertyPath: m_Name
      value: Eolienne
      objectReference: {fileID: 0}
    - target: {fileID: 400000, guid: 6c2384502700bea4fb61d118958b10c6, type: 3}
      propertyPath: m_LocalPosition.x
      value: -0.26
      objectReference: {fileID: 0}
    - target: {fileID: 400000, guid: 6c2384502700bea4fb61d118958b10c6, type: 3}
      propertyPath: m_LocalPosition.y
      value: 0.094744384
      objectReference: {fileID: 0}
    - target: {fileID: 400000, guid: 6c2384502700bea4fb61d118958b10c6, type: 3}
      propertyPath: m_LocalPosition.z
      value: -0.271856
      objectReference: {fileID: 0}
    - target: {fileID: 400000, guid: 6c2384502700bea4fb61d118958b10c6, type: 3}
      propertyPath: m_LocalRotation.x
      value: -0
      objectReference: {fileID: 0}
    - target: {fileID: 400000, guid: 6c2384502700bea4fb61d118958b10c6, type: 3}
      propertyPath: m_LocalRotation.y
      value: -0
      objectReference: {fileID: 0}
    - target: {fileID: 400000, guid: 6c2384502700bea4fb61d118958b10c6, type: 3}
      propertyPath: m_LocalRotation.z
      value: -0
      objectReference: {fileID: 0}
    - target: {fileID: 400000, guid: 6c2384502700bea4fb61d118958b10c6, type: 3}
      propertyPath: m_LocalRotation.w
      value: 1
      objectReference: {fileID: 0}
    - target: {fileID: 400000, guid: 6c2384502700bea4fb61d118958b10c6, type: 3}
      propertyPath: m_RootOrder
      value: 1
      objectReference: {fileID: 0}
    - target: {fileID: 400000, guid: 6c2384502700bea4fb61d118958b10c6, type: 3}
      propertyPath: m_LocalEulerAnglesHint.x
      value: 0
      objectReference: {fileID: 0}
    - target: {fileID: 400000, guid: 6c2384502700bea4fb61d118958b10c6, type: 3}
      propertyPath: m_LocalEulerAnglesHint.y
      value: 0
      objectReference: {fileID: 0}
    - target: {fileID: 400000, guid: 6c2384502700bea4fb61d118958b10c6, type: 3}
      propertyPath: m_LocalEulerAnglesHint.z
      value: 0
      objectReference: {fileID: 0}
    - target: {fileID: 400000, guid: 6c2384502700bea4fb61d118958b10c6, type: 3}
      propertyPath: m_LocalScale.x
      value: 5
      objectReference: {fileID: 0}
    - target: {fileID: 400000, guid: 6c2384502700bea4fb61d118958b10c6, type: 3}
      propertyPath: m_LocalScale.y
      value: 5
      objectReference: {fileID: 0}
    - target: {fileID: 400000, guid: 6c2384502700bea4fb61d118958b10c6, type: 3}
      propertyPath: m_LocalScale.z
      value: 5
      objectReference: {fileID: 0}
    m_RemovedComponents: []
  m_SourcePrefab: {fileID: 100100000, guid: 6c2384502700bea4fb61d118958b10c6, type: 3}
--- !u!4 &950730564789878631 stripped
Transform:
  m_CorrespondingSourceObject: {fileID: 400000, guid: 6c2384502700bea4fb61d118958b10c6,
    type: 3}
  m_PrefabInstance: {fileID: 950730564790265319}
  m_PrefabAsset: {fileID: 0}
--- !u!1001 &1128719069943607995
PrefabInstance:
  m_ObjectHideFlags: 0
  serializedVersion: 2
  m_Modification:
    m_TransformParent: {fileID: 3562020824565826045}
    m_Modifications:
    - target: {fileID: 100000, guid: 6c2384502700bea4fb61d118958b10c6, type: 3}
      propertyPath: m_Name
      value: Eolienne (1)
      objectReference: {fileID: 0}
    - target: {fileID: 400000, guid: 6c2384502700bea4fb61d118958b10c6, type: 3}
      propertyPath: m_LocalPosition.x
      value: -0.26
      objectReference: {fileID: 0}
    - target: {fileID: 400000, guid: 6c2384502700bea4fb61d118958b10c6, type: 3}
      propertyPath: m_LocalPosition.y
      value: 0.094744384
      objectReference: {fileID: 0}
    - target: {fileID: 400000, guid: 6c2384502700bea4fb61d118958b10c6, type: 3}
      propertyPath: m_LocalPosition.z
      value: 0.322
      objectReference: {fileID: 0}
    - target: {fileID: 400000, guid: 6c2384502700bea4fb61d118958b10c6, type: 3}
      propertyPath: m_LocalRotation.x
      value: -0
      objectReference: {fileID: 0}
    - target: {fileID: 400000, guid: 6c2384502700bea4fb61d118958b10c6, type: 3}
      propertyPath: m_LocalRotation.y
      value: -0
      objectReference: {fileID: 0}
    - target: {fileID: 400000, guid: 6c2384502700bea4fb61d118958b10c6, type: 3}
      propertyPath: m_LocalRotation.z
      value: -0
      objectReference: {fileID: 0}
    - target: {fileID: 400000, guid: 6c2384502700bea4fb61d118958b10c6, type: 3}
      propertyPath: m_LocalRotation.w
      value: 1
      objectReference: {fileID: 0}
    - target: {fileID: 400000, guid: 6c2384502700bea4fb61d118958b10c6, type: 3}
      propertyPath: m_RootOrder
      value: 2
      objectReference: {fileID: 0}
    - target: {fileID: 400000, guid: 6c2384502700bea4fb61d118958b10c6, type: 3}
      propertyPath: m_LocalEulerAnglesHint.x
      value: 0
      objectReference: {fileID: 0}
    - target: {fileID: 400000, guid: 6c2384502700bea4fb61d118958b10c6, type: 3}
      propertyPath: m_LocalEulerAnglesHint.y
      value: 0
      objectReference: {fileID: 0}
    - target: {fileID: 400000, guid: 6c2384502700bea4fb61d118958b10c6, type: 3}
      propertyPath: m_LocalEulerAnglesHint.z
      value: 0
      objectReference: {fileID: 0}
    - target: {fileID: 400000, guid: 6c2384502700bea4fb61d118958b10c6, type: 3}
      propertyPath: m_LocalScale.x
      value: 5
      objectReference: {fileID: 0}
    - target: {fileID: 400000, guid: 6c2384502700bea4fb61d118958b10c6, type: 3}
      propertyPath: m_LocalScale.y
      value: 5
      objectReference: {fileID: 0}
    - target: {fileID: 400000, guid: 6c2384502700bea4fb61d118958b10c6, type: 3}
      propertyPath: m_LocalScale.z
      value: 5
      objectReference: {fileID: 0}
    m_RemovedComponents: []
  m_SourcePrefab: {fileID: 100100000, guid: 6c2384502700bea4fb61d118958b10c6, type: 3}
--- !u!4 &1128719069943736379 stripped
Transform:
  m_CorrespondingSourceObject: {fileID: 400000, guid: 6c2384502700bea4fb61d118958b10c6,
    type: 3}
  m_PrefabInstance: {fileID: 1128719069943607995}
  m_PrefabAsset: {fileID: 0}
--- !u!1001 &3091020855545090499
PrefabInstance:
  m_ObjectHideFlags: 0
  serializedVersion: 2
  m_Modification:
    m_TransformParent: {fileID: 3562020824565826045}
    m_Modifications:
    - target: {fileID: 3132049442094338240, guid: 5152704cb4f05a345bead9a757e8470d,
        type: 3}
      propertyPath: m_Name
      value: Tile_Grass
      objectReference: {fileID: 0}
    - target: {fileID: 3132049442094071746, guid: 5152704cb4f05a345bead9a757e8470d,
        type: 3}
      propertyPath: m_LocalPosition.x
      value: 0.00000023842
      objectReference: {fileID: 0}
    - target: {fileID: 3132049442094071746, guid: 5152704cb4f05a345bead9a757e8470d,
        type: 3}
      propertyPath: m_LocalPosition.y
      value: 0.022
      objectReference: {fileID: 0}
    - target: {fileID: 3132049442094071746, guid: 5152704cb4f05a345bead9a757e8470d,
        type: 3}
      propertyPath: m_LocalPosition.z
      value: 0.000000059605
      objectReference: {fileID: 0}
    - target: {fileID: 3132049442094071746, guid: 5152704cb4f05a345bead9a757e8470d,
        type: 3}
      propertyPath: m_LocalRotation.x
      value: -0
      objectReference: {fileID: 0}
    - target: {fileID: 3132049442094071746, guid: 5152704cb4f05a345bead9a757e8470d,
        type: 3}
      propertyPath: m_LocalRotation.y
      value: -0
      objectReference: {fileID: 0}
    - target: {fileID: 3132049442094071746, guid: 5152704cb4f05a345bead9a757e8470d,
        type: 3}
      propertyPath: m_LocalRotation.z
      value: -0
      objectReference: {fileID: 0}
    - target: {fileID: 3132049442094071746, guid: 5152704cb4f05a345bead9a757e8470d,
        type: 3}
      propertyPath: m_LocalRotation.w
      value: 1
      objectReference: {fileID: 0}
    - target: {fileID: 3132049442094071746, guid: 5152704cb4f05a345bead9a757e8470d,
        type: 3}
      propertyPath: m_RootOrder
      value: 0
      objectReference: {fileID: 0}
    - target: {fileID: 3132049442094071746, guid: 5152704cb4f05a345bead9a757e8470d,
        type: 3}
      propertyPath: m_LocalEulerAnglesHint.x
      value: 0
      objectReference: {fileID: 0}
    - target: {fileID: 3132049442094071746, guid: 5152704cb4f05a345bead9a757e8470d,
        type: 3}
      propertyPath: m_LocalEulerAnglesHint.y
      value: 0
      objectReference: {fileID: 0}
    - target: {fileID: 3132049442094071746, guid: 5152704cb4f05a345bead9a757e8470d,
        type: 3}
      propertyPath: m_LocalEulerAnglesHint.z
      value: 0
      objectReference: {fileID: 0}
    - target: {fileID: 3132049442094071746, guid: 5152704cb4f05a345bead9a757e8470d,
        type: 3}
      propertyPath: m_LocalScale.x
      value: 0.14980571
      objectReference: {fileID: 0}
    - target: {fileID: 3132049442094071746, guid: 5152704cb4f05a345bead9a757e8470d,
        type: 3}
      propertyPath: m_LocalScale.y
      value: 0.14980571
      objectReference: {fileID: 0}
    - target: {fileID: 3132049442094071746, guid: 5152704cb4f05a345bead9a757e8470d,
        type: 3}
      propertyPath: m_LocalScale.z
      value: 0.14980571
      objectReference: {fileID: 0}
    m_RemovedComponents: []
  m_SourcePrefab: {fileID: 100100000, guid: 5152704cb4f05a345bead9a757e8470d, type: 3}
--- !u!4 &113369857271852545 stripped
Transform:
  m_CorrespondingSourceObject: {fileID: 3132049442094071746, guid: 5152704cb4f05a345bead9a757e8470d,
    type: 3}
  m_PrefabInstance: {fileID: 3091020855545090499}
  m_PrefabAsset: {fileID: 0}
--- !u!1001 &4274264311787778362
PrefabInstance:
  m_ObjectHideFlags: 0
  serializedVersion: 2
  m_Modification:
    m_TransformParent: {fileID: 3562020824565826045}
    m_Modifications:
    - target: {fileID: 100000, guid: 6c2384502700bea4fb61d118958b10c6, type: 3}
      propertyPath: m_Name
      value: Eolienne (3)
      objectReference: {fileID: 0}
    - target: {fileID: 400000, guid: 6c2384502700bea4fb61d118958b10c6, type: 3}
      propertyPath: m_LocalPosition.x
      value: 0.3881348
      objectReference: {fileID: 0}
    - target: {fileID: 400000, guid: 6c2384502700bea4fb61d118958b10c6, type: 3}
      propertyPath: m_LocalPosition.y
      value: 0.094744384
      objectReference: {fileID: 0}
    - target: {fileID: 400000, guid: 6c2384502700bea4fb61d118958b10c6, type: 3}
      propertyPath: m_LocalPosition.z
      value: 0.322
      objectReference: {fileID: 0}
    - target: {fileID: 400000, guid: 6c2384502700bea4fb61d118958b10c6, type: 3}
      propertyPath: m_LocalRotation.x
      value: -0
      objectReference: {fileID: 0}
    - target: {fileID: 400000, guid: 6c2384502700bea4fb61d118958b10c6, type: 3}
      propertyPath: m_LocalRotation.y
      value: -0
      objectReference: {fileID: 0}
    - target: {fileID: 400000, guid: 6c2384502700bea4fb61d118958b10c6, type: 3}
      propertyPath: m_LocalRotation.z
      value: -0
      objectReference: {fileID: 0}
    - target: {fileID: 400000, guid: 6c2384502700bea4fb61d118958b10c6, type: 3}
      propertyPath: m_LocalRotation.w
      value: 1
      objectReference: {fileID: 0}
    - target: {fileID: 400000, guid: 6c2384502700bea4fb61d118958b10c6, type: 3}
      propertyPath: m_RootOrder
      value: 3
      objectReference: {fileID: 0}
    - target: {fileID: 400000, guid: 6c2384502700bea4fb61d118958b10c6, type: 3}
      propertyPath: m_LocalEulerAnglesHint.x
      value: 0
      objectReference: {fileID: 0}
    - target: {fileID: 400000, guid: 6c2384502700bea4fb61d118958b10c6, type: 3}
      propertyPath: m_LocalEulerAnglesHint.y
      value: 0
      objectReference: {fileID: 0}
    - target: {fileID: 400000, guid: 6c2384502700bea4fb61d118958b10c6, type: 3}
      propertyPath: m_LocalEulerAnglesHint.z
      value: 0
      objectReference: {fileID: 0}
    - target: {fileID: 400000, guid: 6c2384502700bea4fb61d118958b10c6, type: 3}
      propertyPath: m_LocalScale.x
      value: 5
      objectReference: {fileID: 0}
    - target: {fileID: 400000, guid: 6c2384502700bea4fb61d118958b10c6, type: 3}
      propertyPath: m_LocalScale.y
      value: 5
      objectReference: {fileID: 0}
    - target: {fileID: 400000, guid: 6c2384502700bea4fb61d118958b10c6, type: 3}
      propertyPath: m_LocalScale.z
      value: 5
      objectReference: {fileID: 0}
    m_RemovedComponents: []
  m_SourcePrefab: {fileID: 100100000, guid: 6c2384502700bea4fb61d118958b10c6, type: 3}
--- !u!4 &4274264311787645882 stripped
Transform:
  m_CorrespondingSourceObject: {fileID: 400000, guid: 6c2384502700bea4fb61d118958b10c6,
    type: 3}
  m_PrefabInstance: {fileID: 4274264311787778362}
  m_PrefabAsset: {fileID: 0}
--- !u!1001 &4627562414436115855
PrefabInstance:
  m_ObjectHideFlags: 0
  serializedVersion: 2
  m_Modification:
    m_TransformParent: {fileID: 3562020824565826045}
    m_Modifications:
    - target: {fileID: 100000, guid: 6c2384502700bea4fb61d118958b10c6, type: 3}
      propertyPath: m_Name
      value: Eolienne (4)
      objectReference: {fileID: 0}
    - target: {fileID: 400000, guid: 6c2384502700bea4fb61d118958b10c6, type: 3}
      propertyPath: m_LocalPosition.x
      value: 0.3881348
      objectReference: {fileID: 0}
    - target: {fileID: 400000, guid: 6c2384502700bea4fb61d118958b10c6, type: 3}
      propertyPath: m_LocalPosition.y
      value: 0.094744384
      objectReference: {fileID: 0}
    - target: {fileID: 400000, guid: 6c2384502700bea4fb61d118958b10c6, type: 3}
      propertyPath: m_LocalPosition.z
      value: -0.271856
      objectReference: {fileID: 0}
    - target: {fileID: 400000, guid: 6c2384502700bea4fb61d118958b10c6, type: 3}
      propertyPath: m_LocalRotation.x
      value: -0
      objectReference: {fileID: 0}
    - target: {fileID: 400000, guid: 6c2384502700bea4fb61d118958b10c6, type: 3}
      propertyPath: m_LocalRotation.y
      value: -0
      objectReference: {fileID: 0}
    - target: {fileID: 400000, guid: 6c2384502700bea4fb61d118958b10c6, type: 3}
      propertyPath: m_LocalRotation.z
      value: -0
      objectReference: {fileID: 0}
    - target: {fileID: 400000, guid: 6c2384502700bea4fb61d118958b10c6, type: 3}
      propertyPath: m_LocalRotation.w
      value: 1
      objectReference: {fileID: 0}
    - target: {fileID: 400000, guid: 6c2384502700bea4fb61d118958b10c6, type: 3}
      propertyPath: m_RootOrder
      value: 4
      objectReference: {fileID: 0}
    - target: {fileID: 400000, guid: 6c2384502700bea4fb61d118958b10c6, type: 3}
      propertyPath: m_LocalEulerAnglesHint.x
      value: 0
      objectReference: {fileID: 0}
    - target: {fileID: 400000, guid: 6c2384502700bea4fb61d118958b10c6, type: 3}
      propertyPath: m_LocalEulerAnglesHint.y
      value: 0
      objectReference: {fileID: 0}
    - target: {fileID: 400000, guid: 6c2384502700bea4fb61d118958b10c6, type: 3}
      propertyPath: m_LocalEulerAnglesHint.z
      value: 0
      objectReference: {fileID: 0}
    - target: {fileID: 400000, guid: 6c2384502700bea4fb61d118958b10c6, type: 3}
      propertyPath: m_LocalScale.x
      value: 5
      objectReference: {fileID: 0}
    - target: {fileID: 400000, guid: 6c2384502700bea4fb61d118958b10c6, type: 3}
      propertyPath: m_LocalScale.y
      value: 5
      objectReference: {fileID: 0}
    - target: {fileID: 400000, guid: 6c2384502700bea4fb61d118958b10c6, type: 3}
      propertyPath: m_LocalScale.z
      value: 5
      objectReference: {fileID: 0}
    m_RemovedComponents: []
  m_SourcePrefab: {fileID: 100100000, guid: 6c2384502700bea4fb61d118958b10c6, type: 3}
--- !u!4 &4627562414436515599 stripped
Transform:
  m_CorrespondingSourceObject: {fileID: 400000, guid: 6c2384502700bea4fb61d118958b10c6,
    type: 3}
  m_PrefabInstance: {fileID: 4627562414436115855}
  m_PrefabAsset: {fileID: 0}
