%YAML 1.1
%TAG !u! tag:unity3d.com,2011:
--- !u!1 &1039778744038984
GameObject:
  m_ObjectHideFlags: 0
  m_CorrespondingSourceObject: {fileID: 0}
  m_PrefabInstance: {fileID: 0}
  m_PrefabAsset: {fileID: 0}
  serializedVersion: 6
  m_Component:
  - component: {fileID: 4246937717811190}
  - component: {fileID: 33714788216281664}
  - component: {fileID: 23685866545100180}
  m_Layer: 0
  m_Name: Factory_A
  m_TagString: Untagged
  m_Icon: {fileID: 0}
  m_NavMeshLayer: 0
  m_StaticEditorFlags: 0
  m_IsActive: 1
--- !u!4 &4246937717811190
Transform:
  m_ObjectHideFlags: 0
  m_CorrespondingSourceObject: {fileID: 0}
  m_PrefabInstance: {fileID: 0}
  m_PrefabAsset: {fileID: 0}
  m_GameObject: {fileID: 1039778744038984}
  m_LocalRotation: {x: -0, y: -0, z: -0, w: 1}
  m_LocalPosition: {x: 0, y: 0, z: 0}
  m_LocalScale: {x: 0.037374694, y: 0.03784779, z: 0.050312262}
  m_Children: []
  m_Father: {fileID: 4693394526291336}
  m_RootOrder: 1
  m_LocalEulerAnglesHint: {x: 0, y: 0, z: 0}
--- !u!33 &33714788216281664
MeshFilter:
  m_ObjectHideFlags: 0
  m_CorrespondingSourceObject: {fileID: 0}
  m_PrefabInstance: {fileID: 0}
  m_PrefabAsset: {fileID: 0}
  m_GameObject: {fileID: 1039778744038984}
  m_Mesh: {fileID: 4300000, guid: db6518dd8a02e0a4eb6618b45658b4d6, type: 3}
--- !u!23 &23685866545100180
MeshRenderer:
  m_ObjectHideFlags: 0
  m_CorrespondingSourceObject: {fileID: 0}
  m_PrefabInstance: {fileID: 0}
  m_PrefabAsset: {fileID: 0}
  m_GameObject: {fileID: 1039778744038984}
  m_Enabled: 1
  m_CastShadows: 2
  m_ReceiveShadows: 1
  m_DynamicOccludee: 1
  m_MotionVectors: 1
  m_LightProbeUsage: 1
  m_ReflectionProbeUsage: 1
  m_RenderingLayerMask: 4294967295
  m_RendererPriority: 0
  m_Materials:
  - {fileID: 2100000, guid: f2dc2dcfc2b2d07409925a29320deb19, type: 2}
  m_StaticBatchInfo:
    firstSubMesh: 0
    subMeshCount: 0
  m_StaticBatchRoot: {fileID: 0}
  m_ProbeAnchor: {fileID: 0}
  m_LightProbeVolumeOverride: {fileID: 0}
  m_ScaleInLightmap: 1
  m_ReceiveGI: 1
  m_PreserveUVs: 0
  m_IgnoreNormalsForChartDetection: 0
  m_ImportantGI: 0
  m_StitchLightmapSeams: 0
  m_SelectedEditorRenderState: 3
  m_MinimumChartSize: 4
  m_AutoUVMaxDistance: 0.5
  m_AutoUVMaxAngle: 89
  m_LightmapParameters: {fileID: 0}
  m_SortingLayerID: 0
  m_SortingLayer: 0
  m_SortingOrder: 0
--- !u!1 &1183350765741398
GameObject:
  m_ObjectHideFlags: 0
  m_CorrespondingSourceObject: {fileID: 0}
  m_PrefabInstance: {fileID: 0}
  m_PrefabAsset: {fileID: 0}
  serializedVersion: 6
  m_Component:
  - component: {fileID: 4924878093163614}
  - component: {fileID: 33251458209741570}
  - component: {fileID: 23256100473812182}
  m_Layer: 0
  m_Name: Airport_Fence_Straight (6)
  m_TagString: Untagged
  m_Icon: {fileID: 0}
  m_NavMeshLayer: 0
  m_StaticEditorFlags: 0
  m_IsActive: 1
--- !u!4 &4924878093163614
Transform:
  m_ObjectHideFlags: 0
  m_CorrespondingSourceObject: {fileID: 0}
  m_PrefabInstance: {fileID: 0}
  m_PrefabAsset: {fileID: 0}
  m_GameObject: {fileID: 1183350765741398}
  m_LocalRotation: {x: -0, y: -0.7071068, z: -0, w: 0.7071068}
  m_LocalPosition: {x: 0.733, y: 0, z: 0.469}
  m_LocalScale: {x: 0.05375814, y: 0.05375814, z: 0.05375814}
  m_Children: []
  m_Father: {fileID: 4693394526291336}
  m_RootOrder: 7
  m_LocalEulerAnglesHint: {x: 0, y: -90, z: 0}
--- !u!33 &33251458209741570
MeshFilter:
  m_ObjectHideFlags: 0
  m_CorrespondingSourceObject: {fileID: 0}
  m_PrefabInstance: {fileID: 0}
  m_PrefabAsset: {fileID: 0}
  m_GameObject: {fileID: 1183350765741398}
  m_Mesh: {fileID: 4300000, guid: 6d8ae669178de8d4dbaadfbc995a3abd, type: 3}
--- !u!23 &23256100473812182
MeshRenderer:
  m_ObjectHideFlags: 0
  m_CorrespondingSourceObject: {fileID: 0}
  m_PrefabInstance: {fileID: 0}
  m_PrefabAsset: {fileID: 0}
  m_GameObject: {fileID: 1183350765741398}
  m_Enabled: 1
  m_CastShadows: 2
  m_ReceiveShadows: 1
  m_DynamicOccludee: 1
  m_MotionVectors: 1
  m_LightProbeUsage: 1
  m_ReflectionProbeUsage: 1
  m_RenderingLayerMask: 4294967295
  m_RendererPriority: 0
  m_Materials:
  - {fileID: 2100000, guid: 375197965eded854684c21cc56dc798a, type: 2}
  m_StaticBatchInfo:
    firstSubMesh: 0
    subMeshCount: 0
  m_StaticBatchRoot: {fileID: 0}
  m_ProbeAnchor: {fileID: 0}
  m_LightProbeVolumeOverride: {fileID: 0}
  m_ScaleInLightmap: 1
  m_ReceiveGI: 1
  m_PreserveUVs: 0
  m_IgnoreNormalsForChartDetection: 0
  m_ImportantGI: 0
  m_StitchLightmapSeams: 0
  m_SelectedEditorRenderState: 3
  m_MinimumChartSize: 4
  m_AutoUVMaxDistance: 0.5
  m_AutoUVMaxAngle: 89
  m_LightmapParameters: {fileID: 0}
  m_SortingLayerID: 0
  m_SortingLayer: 0
  m_SortingOrder: 0
--- !u!1 &1211643170009542
GameObject:
  m_ObjectHideFlags: 0
  m_CorrespondingSourceObject: {fileID: 0}
  m_PrefabInstance: {fileID: 0}
  m_PrefabAsset: {fileID: 0}
  serializedVersion: 6
  m_Component:
  - component: {fileID: 4985642397735500}
  m_Layer: 0
  m_Name: Charcoal_powerplant
  m_TagString: Untagged
  m_Icon: {fileID: 0}
  m_NavMeshLayer: 0
  m_StaticEditorFlags: 0
  m_IsActive: 1
--- !u!4 &4985642397735500
Transform:
  m_ObjectHideFlags: 0
  m_CorrespondingSourceObject: {fileID: 0}
  m_PrefabInstance: {fileID: 0}
  m_PrefabAsset: {fileID: 0}
  m_GameObject: {fileID: 1211643170009542}
  m_LocalRotation: {x: 0, y: 0, z: 0, w: 1}
  m_LocalPosition: {x: 0, y: 0, z: 0}
  m_LocalScale: {x: 1, y: 1, z: 1}
  m_Children:
  - {fileID: 4693394526291336}
  - {fileID: 2056046355354598699}
  m_Father: {fileID: 0}
  m_RootOrder: 0
  m_LocalEulerAnglesHint: {x: 0, y: 0, z: 0}
--- !u!1 &1263611872868630
GameObject:
  m_ObjectHideFlags: 0
  m_CorrespondingSourceObject: {fileID: 0}
  m_PrefabInstance: {fileID: 0}
  m_PrefabAsset: {fileID: 0}
  serializedVersion: 6
  m_Component:
  - component: {fileID: 4872556971429338}
  - component: {fileID: 33275942504334378}
  - component: {fileID: 23874764227927910}
  m_Layer: 0
  m_Name: Airport_Fence_Straight (5)
  m_TagString: Untagged
  m_Icon: {fileID: 0}
  m_NavMeshLayer: 0
  m_StaticEditorFlags: 0
  m_IsActive: 1
--- !u!4 &4872556971429338
Transform:
  m_ObjectHideFlags: 0
  m_CorrespondingSourceObject: {fileID: 0}
  m_PrefabInstance: {fileID: 0}
  m_PrefabAsset: {fileID: 0}
  m_GameObject: {fileID: 1263611872868630}
  m_LocalRotation: {x: -0, y: -0.7071068, z: -0, w: 0.7071068}
  m_LocalPosition: {x: -0.735, y: 0.001, z: -0.488}
  m_LocalScale: {x: 0.05375814, y: 0.05375814, z: 0.05375814}
  m_Children: []
  m_Father: {fileID: 4693394526291336}
  m_RootOrder: 6
  m_LocalEulerAnglesHint: {x: 0, y: -90, z: 0}
--- !u!33 &33275942504334378
MeshFilter:
  m_ObjectHideFlags: 0
  m_CorrespondingSourceObject: {fileID: 0}
  m_PrefabInstance: {fileID: 0}
  m_PrefabAsset: {fileID: 0}
  m_GameObject: {fileID: 1263611872868630}
  m_Mesh: {fileID: 4300000, guid: 6d8ae669178de8d4dbaadfbc995a3abd, type: 3}
--- !u!23 &23874764227927910
MeshRenderer:
  m_ObjectHideFlags: 0
  m_CorrespondingSourceObject: {fileID: 0}
  m_PrefabInstance: {fileID: 0}
  m_PrefabAsset: {fileID: 0}
  m_GameObject: {fileID: 1263611872868630}
  m_Enabled: 1
  m_CastShadows: 2
  m_ReceiveShadows: 1
  m_DynamicOccludee: 1
  m_MotionVectors: 1
  m_LightProbeUsage: 1
  m_ReflectionProbeUsage: 1
  m_RenderingLayerMask: 4294967295
  m_RendererPriority: 0
  m_Materials:
  - {fileID: 2100000, guid: 375197965eded854684c21cc56dc798a, type: 2}
  m_StaticBatchInfo:
    firstSubMesh: 0
    subMeshCount: 0
  m_StaticBatchRoot: {fileID: 0}
  m_ProbeAnchor: {fileID: 0}
  m_LightProbeVolumeOverride: {fileID: 0}
  m_ScaleInLightmap: 1
  m_ReceiveGI: 1
  m_PreserveUVs: 0
  m_IgnoreNormalsForChartDetection: 0
  m_ImportantGI: 0
  m_StitchLightmapSeams: 0
  m_SelectedEditorRenderState: 3
  m_MinimumChartSize: 4
  m_AutoUVMaxDistance: 0.5
  m_AutoUVMaxAngle: 89
  m_LightmapParameters: {fileID: 0}
  m_SortingLayerID: 0
  m_SortingLayer: 0
  m_SortingOrder: 0
--- !u!1 &1304843364589806
GameObject:
  m_ObjectHideFlags: 0
  m_CorrespondingSourceObject: {fileID: 0}
  m_PrefabInstance: {fileID: 0}
  m_PrefabAsset: {fileID: 0}
  serializedVersion: 6
  m_Component:
  - component: {fileID: 4517796957219024}
  - component: {fileID: 33882167531989792}
  - component: {fileID: 23728869400361152}
  m_Layer: 0
  m_Name: Airport_Fence_Straight (4)
  m_TagString: Untagged
  m_Icon: {fileID: 0}
  m_NavMeshLayer: 0
  m_StaticEditorFlags: 0
  m_IsActive: 1
--- !u!4 &4517796957219024
Transform:
  m_ObjectHideFlags: 0
  m_CorrespondingSourceObject: {fileID: 0}
  m_PrefabInstance: {fileID: 0}
  m_PrefabAsset: {fileID: 0}
  m_GameObject: {fileID: 1304843364589806}
  m_LocalRotation: {x: -0, y: -0.7071068, z: -0, w: 0.7071068}
  m_LocalPosition: {x: -0.735, y: 0.001, z: -0.08131003}
  m_LocalScale: {x: 0.05375814, y: 0.05375814, z: 0.05375814}
  m_Children: []
  m_Father: {fileID: 4693394526291336}
  m_RootOrder: 5
  m_LocalEulerAnglesHint: {x: 0, y: -90, z: 0}
--- !u!33 &33882167531989792
MeshFilter:
  m_ObjectHideFlags: 0
  m_CorrespondingSourceObject: {fileID: 0}
  m_PrefabInstance: {fileID: 0}
  m_PrefabAsset: {fileID: 0}
  m_GameObject: {fileID: 1304843364589806}
  m_Mesh: {fileID: 4300000, guid: 6d8ae669178de8d4dbaadfbc995a3abd, type: 3}
--- !u!23 &23728869400361152
MeshRenderer:
  m_ObjectHideFlags: 0
  m_CorrespondingSourceObject: {fileID: 0}
  m_PrefabInstance: {fileID: 0}
  m_PrefabAsset: {fileID: 0}
  m_GameObject: {fileID: 1304843364589806}
  m_Enabled: 1
  m_CastShadows: 2
  m_ReceiveShadows: 1
  m_DynamicOccludee: 1
  m_MotionVectors: 1
  m_LightProbeUsage: 1
  m_ReflectionProbeUsage: 1
  m_RenderingLayerMask: 4294967295
  m_RendererPriority: 0
  m_Materials:
  - {fileID: 2100000, guid: 375197965eded854684c21cc56dc798a, type: 2}
  m_StaticBatchInfo:
    firstSubMesh: 0
    subMeshCount: 0
  m_StaticBatchRoot: {fileID: 0}
  m_ProbeAnchor: {fileID: 0}
  m_LightProbeVolumeOverride: {fileID: 0}
  m_ScaleInLightmap: 1
  m_ReceiveGI: 1
  m_PreserveUVs: 0
  m_IgnoreNormalsForChartDetection: 0
  m_ImportantGI: 0
  m_StitchLightmapSeams: 0
  m_SelectedEditorRenderState: 3
  m_MinimumChartSize: 4
  m_AutoUVMaxDistance: 0.5
  m_AutoUVMaxAngle: 89
  m_LightmapParameters: {fileID: 0}
  m_SortingLayerID: 0
  m_SortingLayer: 0
  m_SortingOrder: 0
--- !u!1 &1321120364840788
GameObject:
  m_ObjectHideFlags: 0
  m_CorrespondingSourceObject: {fileID: 0}
  m_PrefabInstance: {fileID: 0}
  m_PrefabAsset: {fileID: 0}
  serializedVersion: 6
  m_Component:
  - component: {fileID: 4150363071953612}
  - component: {fileID: 33588361145034166}
  - component: {fileID: 23238780198367244}
  m_Layer: 0
  m_Name: Airport_Fence_Straight (2)
  m_TagString: Untagged
  m_Icon: {fileID: 0}
  m_NavMeshLayer: 0
  m_StaticEditorFlags: 0
  m_IsActive: 1
--- !u!4 &4150363071953612
Transform:
  m_ObjectHideFlags: 0
  m_CorrespondingSourceObject: {fileID: 0}
  m_PrefabInstance: {fileID: 0}
  m_PrefabAsset: {fileID: 0}
  m_GameObject: {fileID: 1321120364840788}
  m_LocalRotation: {x: -0, y: -0, z: -0, w: 1}
  m_LocalPosition: {x: -0.48, y: 0, z: -0.744}
  m_LocalScale: {x: 0.05375814, y: 0.05375814, z: 0.05375814}
  m_Children: []
  m_Father: {fileID: 4693394526291336}
  m_RootOrder: 3
  m_LocalEulerAnglesHint: {x: 0, y: 0, z: 0}
--- !u!33 &33588361145034166
MeshFilter:
  m_ObjectHideFlags: 0
  m_CorrespondingSourceObject: {fileID: 0}
  m_PrefabInstance: {fileID: 0}
  m_PrefabAsset: {fileID: 0}
  m_GameObject: {fileID: 1321120364840788}
  m_Mesh: {fileID: 4300000, guid: 6d8ae669178de8d4dbaadfbc995a3abd, type: 3}
--- !u!23 &23238780198367244
MeshRenderer:
  m_ObjectHideFlags: 0
  m_CorrespondingSourceObject: {fileID: 0}
  m_PrefabInstance: {fileID: 0}
  m_PrefabAsset: {fileID: 0}
  m_GameObject: {fileID: 1321120364840788}
  m_Enabled: 1
  m_CastShadows: 2
  m_ReceiveShadows: 1
  m_DynamicOccludee: 1
  m_MotionVectors: 1
  m_LightProbeUsage: 1
  m_ReflectionProbeUsage: 1
  m_RenderingLayerMask: 4294967295
  m_RendererPriority: 0
  m_Materials:
  - {fileID: 2100000, guid: 375197965eded854684c21cc56dc798a, type: 2}
  m_StaticBatchInfo:
    firstSubMesh: 0
    subMeshCount: 0
  m_StaticBatchRoot: {fileID: 0}
  m_ProbeAnchor: {fileID: 0}
  m_LightProbeVolumeOverride: {fileID: 0}
  m_ScaleInLightmap: 1
  m_ReceiveGI: 1
  m_PreserveUVs: 0
  m_IgnoreNormalsForChartDetection: 0
  m_ImportantGI: 0
  m_StitchLightmapSeams: 0
  m_SelectedEditorRenderState: 3
  m_MinimumChartSize: 4
  m_AutoUVMaxDistance: 0.5
  m_AutoUVMaxAngle: 89
  m_LightmapParameters: {fileID: 0}
  m_SortingLayerID: 0
  m_SortingLayer: 0
  m_SortingOrder: 0
--- !u!1 &1589388119876862
GameObject:
  m_ObjectHideFlags: 0
  m_CorrespondingSourceObject: {fileID: 0}
  m_PrefabInstance: {fileID: 0}
  m_PrefabAsset: {fileID: 0}
  serializedVersion: 6
  m_Component:
  - component: {fileID: 4247914976641280}
  - component: {fileID: 33550189945836358}
  - component: {fileID: 23821590142660728}
  m_Layer: 0
  m_Name: Airport_Fence_Straight (8)
  m_TagString: Untagged
  m_Icon: {fileID: 0}
  m_NavMeshLayer: 0
  m_StaticEditorFlags: 0
  m_IsActive: 1
--- !u!4 &4247914976641280
Transform:
  m_ObjectHideFlags: 0
  m_CorrespondingSourceObject: {fileID: 0}
  m_PrefabInstance: {fileID: 0}
  m_PrefabAsset: {fileID: 0}
  m_GameObject: {fileID: 1589388119876862}
  m_LocalRotation: {x: -0, y: -0.7071068, z: -0, w: 0.7071068}
  m_LocalPosition: {x: 0.732, y: 0, z: -0.48289996}
  m_LocalScale: {x: 0.05375814, y: 0.05375814, z: 0.05375814}
  m_Children: []
  m_Father: {fileID: 4693394526291336}
  m_RootOrder: 9
  m_LocalEulerAnglesHint: {x: 0, y: -90, z: 0}
--- !u!33 &33550189945836358
MeshFilter:
  m_ObjectHideFlags: 0
  m_CorrespondingSourceObject: {fileID: 0}
  m_PrefabInstance: {fileID: 0}
  m_PrefabAsset: {fileID: 0}
  m_GameObject: {fileID: 1589388119876862}
  m_Mesh: {fileID: 4300000, guid: 6d8ae669178de8d4dbaadfbc995a3abd, type: 3}
--- !u!23 &23821590142660728
MeshRenderer:
  m_ObjectHideFlags: 0
  m_CorrespondingSourceObject: {fileID: 0}
  m_PrefabInstance: {fileID: 0}
  m_PrefabAsset: {fileID: 0}
  m_GameObject: {fileID: 1589388119876862}
  m_Enabled: 1
  m_CastShadows: 2
  m_ReceiveShadows: 1
  m_DynamicOccludee: 1
  m_MotionVectors: 1
  m_LightProbeUsage: 1
  m_ReflectionProbeUsage: 1
  m_RenderingLayerMask: 4294967295
  m_RendererPriority: 0
  m_Materials:
  - {fileID: 2100000, guid: 375197965eded854684c21cc56dc798a, type: 2}
  m_StaticBatchInfo:
    firstSubMesh: 0
    subMeshCount: 0
  m_StaticBatchRoot: {fileID: 0}
  m_ProbeAnchor: {fileID: 0}
  m_LightProbeVolumeOverride: {fileID: 0}
  m_ScaleInLightmap: 1
  m_ReceiveGI: 1
  m_PreserveUVs: 0
  m_IgnoreNormalsForChartDetection: 0
  m_ImportantGI: 0
  m_StitchLightmapSeams: 0
  m_SelectedEditorRenderState: 3
  m_MinimumChartSize: 4
  m_AutoUVMaxDistance: 0.5
  m_AutoUVMaxAngle: 89
  m_LightmapParameters: {fileID: 0}
  m_SortingLayerID: 0
  m_SortingLayer: 0
  m_SortingOrder: 0
--- !u!1 &1683217112471304
GameObject:
  m_ObjectHideFlags: 0
  m_CorrespondingSourceObject: {fileID: 0}
  m_PrefabInstance: {fileID: 0}
  m_PrefabAsset: {fileID: 0}
  serializedVersion: 6
  m_Component:
  - component: {fileID: 4218785351742370}
  - component: {fileID: 33845030867352266}
  - component: {fileID: 23185298738228580}
  m_Layer: 0
  m_Name: Airport_Fence_Straight (3)
  m_TagString: Untagged
  m_Icon: {fileID: 0}
  m_NavMeshLayer: 0
  m_StaticEditorFlags: 0
  m_IsActive: 1
--- !u!4 &4218785351742370
Transform:
  m_ObjectHideFlags: 0
  m_CorrespondingSourceObject: {fileID: 0}
  m_PrefabInstance: {fileID: 0}
  m_PrefabAsset: {fileID: 0}
  m_GameObject: {fileID: 1683217112471304}
  m_LocalRotation: {x: -0, y: -0.7071068, z: -0, w: 0.7071068}
  m_LocalPosition: {x: -0.735, y: 0.001, z: 0.45090997}
  m_LocalScale: {x: 0.05375814, y: 0.05375814, z: 0.05375814}
  m_Children: []
  m_Father: {fileID: 4693394526291336}
  m_RootOrder: 4
  m_LocalEulerAnglesHint: {x: 0, y: -90, z: 0}
--- !u!33 &33845030867352266
MeshFilter:
  m_ObjectHideFlags: 0
  m_CorrespondingSourceObject: {fileID: 0}
  m_PrefabInstance: {fileID: 0}
  m_PrefabAsset: {fileID: 0}
  m_GameObject: {fileID: 1683217112471304}
  m_Mesh: {fileID: 4300000, guid: 6d8ae669178de8d4dbaadfbc995a3abd, type: 3}
--- !u!23 &23185298738228580
MeshRenderer:
  m_ObjectHideFlags: 0
  m_CorrespondingSourceObject: {fileID: 0}
  m_PrefabInstance: {fileID: 0}
  m_PrefabAsset: {fileID: 0}
  m_GameObject: {fileID: 1683217112471304}
  m_Enabled: 1
  m_CastShadows: 2
  m_ReceiveShadows: 1
  m_DynamicOccludee: 1
  m_MotionVectors: 1
  m_LightProbeUsage: 1
  m_ReflectionProbeUsage: 1
  m_RenderingLayerMask: 4294967295
  m_RendererPriority: 0
  m_Materials:
  - {fileID: 2100000, guid: 375197965eded854684c21cc56dc798a, type: 2}
  m_StaticBatchInfo:
    firstSubMesh: 0
    subMeshCount: 0
  m_StaticBatchRoot: {fileID: 0}
  m_ProbeAnchor: {fileID: 0}
  m_LightProbeVolumeOverride: {fileID: 0}
  m_ScaleInLightmap: 1
  m_ReceiveGI: 1
  m_PreserveUVs: 0
  m_IgnoreNormalsForChartDetection: 0
  m_ImportantGI: 0
  m_StitchLightmapSeams: 0
  m_SelectedEditorRenderState: 3
  m_MinimumChartSize: 4
  m_AutoUVMaxDistance: 0.5
  m_AutoUVMaxAngle: 89
  m_LightmapParameters: {fileID: 0}
  m_SortingLayerID: 0
  m_SortingLayer: 0
  m_SortingOrder: 0
--- !u!1 &1726256242947706
GameObject:
  m_ObjectHideFlags: 0
  m_CorrespondingSourceObject: {fileID: 0}
  m_PrefabInstance: {fileID: 0}
  m_PrefabAsset: {fileID: 0}
  serializedVersion: 6
  m_Component:
  - component: {fileID: 4780860563561982}
  - component: {fileID: 33256478874996580}
  - component: {fileID: 23867557299834650}
  m_Layer: 0
  m_Name: Airport_Fence_Straight (1)
  m_TagString: Untagged
  m_Icon: {fileID: 0}
  m_NavMeshLayer: 0
  m_StaticEditorFlags: 0
  m_IsActive: 1
--- !u!4 &4780860563561982
Transform:
  m_ObjectHideFlags: 0
  m_CorrespondingSourceObject: {fileID: 0}
  m_PrefabInstance: {fileID: 0}
  m_PrefabAsset: {fileID: 0}
  m_GameObject: {fileID: 1726256242947706}
  m_LocalRotation: {x: -0, y: -0, z: -0, w: 1}
  m_LocalPosition: {x: -0.024, y: 0, z: -0.744}
  m_LocalScale: {x: 0.05375814, y: 0.05375814, z: 0.05375814}
  m_Children: []
  m_Father: {fileID: 4693394526291336}
  m_RootOrder: 2
  m_LocalEulerAnglesHint: {x: 0, y: 0, z: 0}
--- !u!33 &33256478874996580
MeshFilter:
  m_ObjectHideFlags: 0
  m_CorrespondingSourceObject: {fileID: 0}
  m_PrefabInstance: {fileID: 0}
  m_PrefabAsset: {fileID: 0}
  m_GameObject: {fileID: 1726256242947706}
  m_Mesh: {fileID: 4300000, guid: 6d8ae669178de8d4dbaadfbc995a3abd, type: 3}
--- !u!23 &23867557299834650
MeshRenderer:
  m_ObjectHideFlags: 0
  m_CorrespondingSourceObject: {fileID: 0}
  m_PrefabInstance: {fileID: 0}
  m_PrefabAsset: {fileID: 0}
  m_GameObject: {fileID: 1726256242947706}
  m_Enabled: 1
  m_CastShadows: 2
  m_ReceiveShadows: 1
  m_DynamicOccludee: 1
  m_MotionVectors: 1
  m_LightProbeUsage: 1
  m_ReflectionProbeUsage: 1
  m_RenderingLayerMask: 4294967295
  m_RendererPriority: 0
  m_Materials:
  - {fileID: 2100000, guid: 375197965eded854684c21cc56dc798a, type: 2}
  m_StaticBatchInfo:
    firstSubMesh: 0
    subMeshCount: 0
  m_StaticBatchRoot: {fileID: 0}
  m_ProbeAnchor: {fileID: 0}
  m_LightProbeVolumeOverride: {fileID: 0}
  m_ScaleInLightmap: 1
  m_ReceiveGI: 1
  m_PreserveUVs: 0
  m_IgnoreNormalsForChartDetection: 0
  m_ImportantGI: 0
  m_StitchLightmapSeams: 0
  m_SelectedEditorRenderState: 3
  m_MinimumChartSize: 4
  m_AutoUVMaxDistance: 0.5
  m_AutoUVMaxAngle: 89
  m_LightmapParameters: {fileID: 0}
  m_SortingLayerID: 0
  m_SortingLayer: 0
  m_SortingOrder: 0
--- !u!1 &1760085764598688
GameObject:
  m_ObjectHideFlags: 0
  m_CorrespondingSourceObject: {fileID: 0}
  m_PrefabInstance: {fileID: 0}
  m_PrefabAsset: {fileID: 0}
  serializedVersion: 6
  m_Component:
  - component: {fileID: 4527158077044284}
  - component: {fileID: 33153702985345104}
  - component: {fileID: 23288963970658586}
  m_Layer: 0
  m_Name: Airport_Fence_Straight
  m_TagString: Untagged
  m_Icon: {fileID: 0}
  m_NavMeshLayer: 0
  m_StaticEditorFlags: 0
  m_IsActive: 1
--- !u!4 &4527158077044284
Transform:
  m_ObjectHideFlags: 0
  m_CorrespondingSourceObject: {fileID: 0}
  m_PrefabInstance: {fileID: 0}
  m_PrefabAsset: {fileID: 0}
  m_GameObject: {fileID: 1760085764598688}
  m_LocalRotation: {x: -0, y: -0, z: -0, w: 1}
  m_LocalPosition: {x: 0.4686, y: 0, z: -0.743}
  m_LocalScale: {x: 0.05375814, y: 0.05375814, z: 0.05375814}
  m_Children: []
  m_Father: {fileID: 4693394526291336}
  m_RootOrder: 10
  m_LocalEulerAnglesHint: {x: 0, y: 0, z: 0}
--- !u!33 &33153702985345104
MeshFilter:
  m_ObjectHideFlags: 0
  m_CorrespondingSourceObject: {fileID: 0}
  m_PrefabInstance: {fileID: 0}
  m_PrefabAsset: {fileID: 0}
  m_GameObject: {fileID: 1760085764598688}
  m_Mesh: {fileID: 4300000, guid: 6d8ae669178de8d4dbaadfbc995a3abd, type: 3}
--- !u!23 &23288963970658586
MeshRenderer:
  m_ObjectHideFlags: 0
  m_CorrespondingSourceObject: {fileID: 0}
  m_PrefabInstance: {fileID: 0}
  m_PrefabAsset: {fileID: 0}
  m_GameObject: {fileID: 1760085764598688}
  m_Enabled: 1
  m_CastShadows: 2
  m_ReceiveShadows: 1
  m_DynamicOccludee: 1
  m_MotionVectors: 1
  m_LightProbeUsage: 1
  m_ReflectionProbeUsage: 1
  m_RenderingLayerMask: 4294967295
  m_RendererPriority: 0
  m_Materials:
  - {fileID: 2100000, guid: 375197965eded854684c21cc56dc798a, type: 2}
  m_StaticBatchInfo:
    firstSubMesh: 0
    subMeshCount: 0
  m_StaticBatchRoot: {fileID: 0}
  m_ProbeAnchor: {fileID: 0}
  m_LightProbeVolumeOverride: {fileID: 0}
  m_ScaleInLightmap: 1
  m_ReceiveGI: 1
  m_PreserveUVs: 0
  m_IgnoreNormalsForChartDetection: 0
  m_ImportantGI: 0
  m_StitchLightmapSeams: 0
  m_SelectedEditorRenderState: 3
  m_MinimumChartSize: 4
  m_AutoUVMaxDistance: 0.5
  m_AutoUVMaxAngle: 89
  m_LightmapParameters: {fileID: 0}
  m_SortingLayerID: 0
  m_SortingLayer: 0
  m_SortingOrder: 0
--- !u!1 &1791068650213350
GameObject:
  m_ObjectHideFlags: 0
  m_CorrespondingSourceObject: {fileID: 0}
  m_PrefabInstance: {fileID: 0}
  m_PrefabAsset: {fileID: 0}
  serializedVersion: 6
  m_Component:
  - component: {fileID: 4962817044709396}
  - component: {fileID: 33996778361195830}
  - component: {fileID: 23317440172646986}
  m_Layer: 0
  m_Name: Airport_Fence_Straight (7)
  m_TagString: Untagged
  m_Icon: {fileID: 0}
  m_NavMeshLayer: 0
  m_StaticEditorFlags: 0
  m_IsActive: 1
--- !u!4 &4962817044709396
Transform:
  m_ObjectHideFlags: 0
  m_CorrespondingSourceObject: {fileID: 0}
  m_PrefabInstance: {fileID: 0}
  m_PrefabAsset: {fileID: 0}
  m_GameObject: {fileID: 1791068650213350}
  m_LocalRotation: {x: -0, y: -0.7071068, z: -0, w: 0.7071068}
  m_LocalPosition: {x: 0.735, y: 0, z: 0.053}
  m_LocalScale: {x: 0.05375814, y: 0.05375814, z: 0.05375814}
  m_Children: []
  m_Father: {fileID: 4693394526291336}
  m_RootOrder: 8
  m_LocalEulerAnglesHint: {x: 0, y: -90, z: 0}
--- !u!33 &33996778361195830
MeshFilter:
  m_ObjectHideFlags: 0
  m_CorrespondingSourceObject: {fileID: 0}
  m_PrefabInstance: {fileID: 0}
  m_PrefabAsset: {fileID: 0}
  m_GameObject: {fileID: 1791068650213350}
  m_Mesh: {fileID: 4300000, guid: 6d8ae669178de8d4dbaadfbc995a3abd, type: 3}
--- !u!23 &23317440172646986
MeshRenderer:
  m_ObjectHideFlags: 0
  m_CorrespondingSourceObject: {fileID: 0}
  m_PrefabInstance: {fileID: 0}
  m_PrefabAsset: {fileID: 0}
  m_GameObject: {fileID: 1791068650213350}
  m_Enabled: 1
  m_CastShadows: 2
  m_ReceiveShadows: 1
  m_DynamicOccludee: 1
  m_MotionVectors: 1
  m_LightProbeUsage: 1
  m_ReflectionProbeUsage: 1
  m_RenderingLayerMask: 4294967295
  m_RendererPriority: 0
  m_Materials:
  - {fileID: 2100000, guid: 375197965eded854684c21cc56dc798a, type: 2}
  m_StaticBatchInfo:
    firstSubMesh: 0
    subMeshCount: 0
  m_StaticBatchRoot: {fileID: 0}
  m_ProbeAnchor: {fileID: 0}
  m_LightProbeVolumeOverride: {fileID: 0}
  m_ScaleInLightmap: 1
  m_ReceiveGI: 1
  m_PreserveUVs: 0
  m_IgnoreNormalsForChartDetection: 0
  m_ImportantGI: 0
  m_StitchLightmapSeams: 0
  m_SelectedEditorRenderState: 3
  m_MinimumChartSize: 4
  m_AutoUVMaxDistance: 0.5
  m_AutoUVMaxAngle: 89
  m_LightmapParameters: {fileID: 0}
  m_SortingLayerID: 0
  m_SortingLayer: 0
  m_SortingOrder: 0
--- !u!1 &1916425505310332
GameObject:
  m_ObjectHideFlags: 0
  m_CorrespondingSourceObject: {fileID: 0}
  m_PrefabInstance: {fileID: 0}
  m_PrefabAsset: {fileID: 0}
  serializedVersion: 6
  m_Component:
  - component: {fileID: 4693394526291336}
  m_Layer: 0
  m_Name: GameObject
  m_TagString: Untagged
  m_Icon: {fileID: 0}
  m_NavMeshLayer: 0
  m_StaticEditorFlags: 0
  m_IsActive: 1
--- !u!4 &4693394526291336
Transform:
  m_ObjectHideFlags: 0
  m_CorrespondingSourceObject: {fileID: 0}
  m_PrefabInstance: {fileID: 0}
  m_PrefabAsset: {fileID: 0}
  m_GameObject: {fileID: 1916425505310332}
  m_LocalRotation: {x: 0, y: 0, z: 0, w: 1}
  m_LocalPosition: {x: 0, y: 0, z: 0}
  m_LocalScale: {x: 1, y: 1, z: 1}
  m_Children:
  - {fileID: 7796705983003925765}
  - {fileID: 4246937717811190}
  - {fileID: 4780860563561982}
  - {fileID: 4150363071953612}
  - {fileID: 4218785351742370}
  - {fileID: 4517796957219024}
  - {fileID: 4872556971429338}
  - {fileID: 4924878093163614}
  - {fileID: 4962817044709396}
  - {fileID: 4247914976641280}
  - {fileID: 4527158077044284}
  m_Father: {fileID: 4985642397735500}
  m_RootOrder: 0
  m_LocalEulerAnglesHint: {x: 0, y: 0, z: 0}
--- !u!1 &6305171081064431217
GameObject:
  m_ObjectHideFlags: 0
  m_CorrespondingSourceObject: {fileID: 0}
  m_PrefabInstance: {fileID: 0}
  m_PrefabAsset: {fileID: 0}
  serializedVersion: 6
  m_Component:
  - component: {fileID: 7796705983003925765}
  m_Layer: 0
  m_Name: smokes
  m_TagString: Untagged
  m_Icon: {fileID: 0}
  m_NavMeshLayer: 0
  m_StaticEditorFlags: 0
  m_IsActive: 1
--- !u!4 &7796705983003925765
Transform:
  m_ObjectHideFlags: 0
  m_CorrespondingSourceObject: {fileID: 0}
  m_PrefabInstance: {fileID: 0}
  m_PrefabAsset: {fileID: 0}
  m_GameObject: {fileID: 6305171081064431217}
  m_LocalRotation: {x: -0, y: -0, z: -0, w: 1}
  m_LocalPosition: {x: -0.004, y: 0.603, z: 0}
  m_LocalScale: {x: 1, y: 1, z: 1}
  m_Children:
  - {fileID: 7669881386879493938}
  - {fileID: 7287054496673572829}
  - {fileID: 3827839977172040021}
  - {fileID: 1695556469761261894}
  - {fileID: 2979152128545390259}
  m_Father: {fileID: 4693394526291336}
  m_RootOrder: 0
  m_LocalEulerAnglesHint: {x: 0, y: 0, z: 0}
--- !u!1001 &2060736712780311287
PrefabInstance:
  m_ObjectHideFlags: 0
  serializedVersion: 2
  m_Modification:
    m_TransformParent: {fileID: 4985642397735500}
    m_Modifications:
    - target: {fileID: 4994374539007964, guid: 3a701a42b5a78aa40921471d412c6920, type: 3}
      propertyPath: m_LocalPosition.x
      value: 0
      objectReference: {fileID: 0}
    - target: {fileID: 4994374539007964, guid: 3a701a42b5a78aa40921471d412c6920, type: 3}
      propertyPath: m_LocalPosition.y
      value: 0
      objectReference: {fileID: 0}
    - target: {fileID: 4994374539007964, guid: 3a701a42b5a78aa40921471d412c6920, type: 3}
      propertyPath: m_LocalPosition.z
      value: 0
      objectReference: {fileID: 0}
    - target: {fileID: 4994374539007964, guid: 3a701a42b5a78aa40921471d412c6920, type: 3}
      propertyPath: m_LocalRotation.x
      value: -0
      objectReference: {fileID: 0}
    - target: {fileID: 4994374539007964, guid: 3a701a42b5a78aa40921471d412c6920, type: 3}
      propertyPath: m_LocalRotation.y
      value: -0
      objectReference: {fileID: 0}
    - target: {fileID: 4994374539007964, guid: 3a701a42b5a78aa40921471d412c6920, type: 3}
      propertyPath: m_LocalRotation.z
      value: -0
      objectReference: {fileID: 0}
    - target: {fileID: 4994374539007964, guid: 3a701a42b5a78aa40921471d412c6920, type: 3}
      propertyPath: m_LocalRotation.w
      value: 1
      objectReference: {fileID: 0}
    - target: {fileID: 4994374539007964, guid: 3a701a42b5a78aa40921471d412c6920, type: 3}
      propertyPath: m_RootOrder
      value: 1
      objectReference: {fileID: 0}
    - target: {fileID: 4994374539007964, guid: 3a701a42b5a78aa40921471d412c6920, type: 3}
      propertyPath: m_LocalEulerAnglesHint.x
      value: 0
      objectReference: {fileID: 0}
    - target: {fileID: 4994374539007964, guid: 3a701a42b5a78aa40921471d412c6920, type: 3}
      propertyPath: m_LocalEulerAnglesHint.y
      value: 0
      objectReference: {fileID: 0}
    - target: {fileID: 4994374539007964, guid: 3a701a42b5a78aa40921471d412c6920, type: 3}
      propertyPath: m_LocalEulerAnglesHint.z
      value: 0
      objectReference: {fileID: 0}
    - target: {fileID: 1202372533661696, guid: 3a701a42b5a78aa40921471d412c6920, type: 3}
      propertyPath: m_Name
      value: ARCell
      objectReference: {fileID: 0}
    - target: {fileID: 1202372533661696, guid: 3a701a42b5a78aa40921471d412c6920, type: 3}
      propertyPath: m_IsActive
      value: 0
      objectReference: {fileID: 0}
    - target: {fileID: 23396362133506956, guid: 3a701a42b5a78aa40921471d412c6920,
        type: 3}
      propertyPath: m_Materials.Array.data[0]
      value: 
      objectReference: {fileID: 0}
    m_RemovedComponents: []
  m_SourcePrefab: {fileID: 100100000, guid: 3a701a42b5a78aa40921471d412c6920, type: 3}
--- !u!4 &2056046355354598699 stripped
Transform:
  m_CorrespondingSourceObject: {fileID: 4994374539007964, guid: 3a701a42b5a78aa40921471d412c6920,
    type: 3}
  m_PrefabInstance: {fileID: 2060736712780311287}
  m_PrefabAsset: {fileID: 0}
--- !u!1001 &3928162472420296557
PrefabInstance:
  m_ObjectHideFlags: 0
  serializedVersion: 2
  m_Modification:
    m_TransformParent: {fileID: 7796705983003925765}
    m_Modifications:
    - target: {fileID: 6026787720373067952, guid: 7cdfa191446aa6f47b4db87170ef2df5,
        type: 3}
      propertyPath: m_LocalPosition.x
      value: -0.049411386
      objectReference: {fileID: 0}
    - target: {fileID: 6026787720373067952, guid: 7cdfa191446aa6f47b4db87170ef2df5,
        type: 3}
      propertyPath: m_LocalPosition.y
      value: 0.5744389
      objectReference: {fileID: 0}
    - target: {fileID: 6026787720373067952, guid: 7cdfa191446aa6f47b4db87170ef2df5,
        type: 3}
      propertyPath: m_LocalPosition.z
      value: -0.32604617
      objectReference: {fileID: 0}
    - target: {fileID: 6026787720373067952, guid: 7cdfa191446aa6f47b4db87170ef2df5,
        type: 3}
      propertyPath: m_LocalRotation.x
      value: -0.7071068
      objectReference: {fileID: 0}
    - target: {fileID: 6026787720373067952, guid: 7cdfa191446aa6f47b4db87170ef2df5,
        type: 3}
      propertyPath: m_LocalRotation.y
      value: -0
      objectReference: {fileID: 0}
    - target: {fileID: 6026787720373067952, guid: 7cdfa191446aa6f47b4db87170ef2df5,
        type: 3}
      propertyPath: m_LocalRotation.z
      value: -0
      objectReference: {fileID: 0}
    - target: {fileID: 6026787720373067952, guid: 7cdfa191446aa6f47b4db87170ef2df5,
        type: 3}
      propertyPath: m_LocalRotation.w
      value: 0.7071068
      objectReference: {fileID: 0}
    - target: {fileID: 6026787720373067952, guid: 7cdfa191446aa6f47b4db87170ef2df5,
        type: 3}
      propertyPath: m_RootOrder
      value: 1
      objectReference: {fileID: 0}
    - target: {fileID: 6026787720373067952, guid: 7cdfa191446aa6f47b4db87170ef2df5,
        type: 3}
      propertyPath: m_LocalEulerAnglesHint.x
      value: 0
      objectReference: {fileID: 0}
    - target: {fileID: 6026787720373067952, guid: 7cdfa191446aa6f47b4db87170ef2df5,
        type: 3}
      propertyPath: m_LocalEulerAnglesHint.y
      value: 0
      objectReference: {fileID: 0}
    - target: {fileID: 6026787720373067952, guid: 7cdfa191446aa6f47b4db87170ef2df5,
        type: 3}
      propertyPath: m_LocalEulerAnglesHint.z
      value: 0
      objectReference: {fileID: 0}
    - target: {fileID: 6026787720373067952, guid: 7cdfa191446aa6f47b4db87170ef2df5,
        type: 3}
      propertyPath: m_LocalScale.y
      value: 0.019997168
      objectReference: {fileID: 0}
    - target: {fileID: 6026787720373067952, guid: 7cdfa191446aa6f47b4db87170ef2df5,
        type: 3}
      propertyPath: m_LocalScale.z
      value: 0.019997168
      objectReference: {fileID: 0}
    - target: {fileID: 6026787720373067952, guid: 7cdfa191446aa6f47b4db87170ef2df5,
        type: 3}
      propertyPath: m_LocalScale.x
      value: 0.01999716
      objectReference: {fileID: 0}
    - target: {fileID: 6026787720372845712, guid: 7cdfa191446aa6f47b4db87170ef2df5,
        type: 3}
      propertyPath: m_Name
      value: WhiteSmoke Variant (1)
      objectReference: {fileID: 0}
    - target: {fileID: 6026787720358913520, guid: 7cdfa191446aa6f47b4db87170ef2df5,
        type: 3}
      propertyPath: InitialModule.startColor.maxColor.r
      value: 1
      objectReference: {fileID: 0}
    - target: {fileID: 6026787720358913520, guid: 7cdfa191446aa6f47b4db87170ef2df5,
        type: 3}
      propertyPath: InitialModule.startColor.maxColor.g
      value: 1
      objectReference: {fileID: 0}
    - target: {fileID: 6026787720358913520, guid: 7cdfa191446aa6f47b4db87170ef2df5,
        type: 3}
      propertyPath: InitialModule.startColor.maxColor.b
      value: 1
      objectReference: {fileID: 0}
    - target: {fileID: 6026787720358913520, guid: 7cdfa191446aa6f47b4db87170ef2df5,
        type: 3}
      propertyPath: InitialModule.startColor.maxColor.a
      value: 1
      objectReference: {fileID: 0}
    - target: {fileID: 6026787720358913520, guid: 7cdfa191446aa6f47b4db87170ef2df5,
        type: 3}
      propertyPath: prewarm
      value: 1
      objectReference: {fileID: 0}
    m_RemovedComponents: []
  m_SourcePrefab: {fileID: 100100000, guid: 7cdfa191446aa6f47b4db87170ef2df5, type: 3}
--- !u!4 &7287054496673572829 stripped
Transform:
  m_CorrespondingSourceObject: {fileID: 6026787720373067952, guid: 7cdfa191446aa6f47b4db87170ef2df5,
    type: 3}
  m_PrefabInstance: {fileID: 3928162472420296557}
  m_PrefabAsset: {fileID: 0}
--- !u!1001 &4166841189234952066
PrefabInstance:
  m_ObjectHideFlags: 0
  serializedVersion: 2
  m_Modification:
    m_TransformParent: {fileID: 7796705983003925765}
    m_Modifications:
    - target: {fileID: 6026787720373067952, guid: 7cdfa191446aa6f47b4db87170ef2df5,
        type: 3}
      propertyPath: m_LocalPosition.x
      value: 0.055588603
      objectReference: {fileID: 0}
    - target: {fileID: 6026787720373067952, guid: 7cdfa191446aa6f47b4db87170ef2df5,
        type: 3}
      propertyPath: m_LocalPosition.y
      value: 0.5744389
      objectReference: {fileID: 0}
    - target: {fileID: 6026787720373067952, guid: 7cdfa191446aa6f47b4db87170ef2df5,
        type: 3}
      propertyPath: m_LocalPosition.z
      value: -0.32604617
      objectReference: {fileID: 0}
    - target: {fileID: 6026787720373067952, guid: 7cdfa191446aa6f47b4db87170ef2df5,
        type: 3}
      propertyPath: m_LocalRotation.x
      value: -0.7071068
      objectReference: {fileID: 0}
    - target: {fileID: 6026787720373067952, guid: 7cdfa191446aa6f47b4db87170ef2df5,
        type: 3}
      propertyPath: m_LocalRotation.y
      value: -0
      objectReference: {fileID: 0}
    - target: {fileID: 6026787720373067952, guid: 7cdfa191446aa6f47b4db87170ef2df5,
        type: 3}
      propertyPath: m_LocalRotation.z
      value: -0
      objectReference: {fileID: 0}
    - target: {fileID: 6026787720373067952, guid: 7cdfa191446aa6f47b4db87170ef2df5,
        type: 3}
      propertyPath: m_LocalRotation.w
      value: 0.7071068
      objectReference: {fileID: 0}
    - target: {fileID: 6026787720373067952, guid: 7cdfa191446aa6f47b4db87170ef2df5,
        type: 3}
      propertyPath: m_RootOrder
      value: 0
      objectReference: {fileID: 0}
    - target: {fileID: 6026787720373067952, guid: 7cdfa191446aa6f47b4db87170ef2df5,
        type: 3}
      propertyPath: m_LocalEulerAnglesHint.x
      value: 0
      objectReference: {fileID: 0}
    - target: {fileID: 6026787720373067952, guid: 7cdfa191446aa6f47b4db87170ef2df5,
        type: 3}
      propertyPath: m_LocalEulerAnglesHint.y
      value: 0
      objectReference: {fileID: 0}
    - target: {fileID: 6026787720373067952, guid: 7cdfa191446aa6f47b4db87170ef2df5,
        type: 3}
      propertyPath: m_LocalEulerAnglesHint.z
      value: 0
      objectReference: {fileID: 0}
    - target: {fileID: 6026787720373067952, guid: 7cdfa191446aa6f47b4db87170ef2df5,
        type: 3}
      propertyPath: m_LocalScale.y
      value: 0.019997168
      objectReference: {fileID: 0}
    - target: {fileID: 6026787720373067952, guid: 7cdfa191446aa6f47b4db87170ef2df5,
        type: 3}
      propertyPath: m_LocalScale.z
      value: 0.019997168
      objectReference: {fileID: 0}
    - target: {fileID: 6026787720373067952, guid: 7cdfa191446aa6f47b4db87170ef2df5,
        type: 3}
      propertyPath: m_LocalScale.x
      value: 0.019997159
      objectReference: {fileID: 0}
    - target: {fileID: 6026787720372845712, guid: 7cdfa191446aa6f47b4db87170ef2df5,
        type: 3}
      propertyPath: m_Name
      value: WhiteSmoke Variant
      objectReference: {fileID: 0}
    - target: {fileID: 6026787720358913520, guid: 7cdfa191446aa6f47b4db87170ef2df5,
        type: 3}
      propertyPath: InitialModule.startColor.maxColor.r
      value: 1
      objectReference: {fileID: 0}
    - target: {fileID: 6026787720358913520, guid: 7cdfa191446aa6f47b4db87170ef2df5,
        type: 3}
      propertyPath: InitialModule.startColor.maxColor.g
      value: 1
      objectReference: {fileID: 0}
    - target: {fileID: 6026787720358913520, guid: 7cdfa191446aa6f47b4db87170ef2df5,
        type: 3}
      propertyPath: InitialModule.startColor.maxColor.b
      value: 1
      objectReference: {fileID: 0}
    - target: {fileID: 6026787720358913520, guid: 7cdfa191446aa6f47b4db87170ef2df5,
        type: 3}
      propertyPath: prewarm
      value: 1
      objectReference: {fileID: 0}
    m_RemovedComponents: []
  m_SourcePrefab: {fileID: 100100000, guid: 7cdfa191446aa6f47b4db87170ef2df5, type: 3}
--- !u!4 &7669881386879493938 stripped
Transform:
  m_CorrespondingSourceObject: {fileID: 6026787720373067952, guid: 7cdfa191446aa6f47b4db87170ef2df5,
    type: 3}
  m_PrefabInstance: {fileID: 4166841189234952066}
  m_PrefabAsset: {fileID: 0}
--- !u!1001 &4910225553798832630
PrefabInstance:
  m_ObjectHideFlags: 0
  serializedVersion: 2
  m_Modification:
    m_TransformParent: {fileID: 7796705983003925765}
    m_Modifications:
    - target: {fileID: 6026787720373067952, guid: 7cdfa191446aa6f47b4db87170ef2df5,
        type: 3}
      propertyPath: m_LocalPosition.x
      value: 0.2405886
      objectReference: {fileID: 0}
    - target: {fileID: 6026787720373067952, guid: 7cdfa191446aa6f47b4db87170ef2df5,
        type: 3}
      propertyPath: m_LocalPosition.y
      value: -0.13256109
      objectReference: {fileID: 0}
    - target: {fileID: 6026787720373067952, guid: 7cdfa191446aa6f47b4db87170ef2df5,
        type: 3}
      propertyPath: m_LocalPosition.z
      value: 0.22450256
      objectReference: {fileID: 0}
    - target: {fileID: 6026787720373067952, guid: 7cdfa191446aa6f47b4db87170ef2df5,
        type: 3}
      propertyPath: m_LocalRotation.x
      value: -0.7071068
      objectReference: {fileID: 0}
    - target: {fileID: 6026787720373067952, guid: 7cdfa191446aa6f47b4db87170ef2df5,
        type: 3}
      propertyPath: m_LocalRotation.y
      value: -0
      objectReference: {fileID: 0}
    - target: {fileID: 6026787720373067952, guid: 7cdfa191446aa6f47b4db87170ef2df5,
        type: 3}
      propertyPath: m_LocalRotation.z
      value: -0
      objectReference: {fileID: 0}
    - target: {fileID: 6026787720373067952, guid: 7cdfa191446aa6f47b4db87170ef2df5,
        type: 3}
      propertyPath: m_LocalRotation.w
      value: 0.7071068
      objectReference: {fileID: 0}
    - target: {fileID: 6026787720373067952, guid: 7cdfa191446aa6f47b4db87170ef2df5,
        type: 3}
      propertyPath: m_RootOrder
      value: 3
      objectReference: {fileID: 0}
    - target: {fileID: 6026787720373067952, guid: 7cdfa191446aa6f47b4db87170ef2df5,
        type: 3}
      propertyPath: m_LocalEulerAnglesHint.x
      value: 0
      objectReference: {fileID: 0}
    - target: {fileID: 6026787720373067952, guid: 7cdfa191446aa6f47b4db87170ef2df5,
        type: 3}
      propertyPath: m_LocalEulerAnglesHint.y
      value: 0
      objectReference: {fileID: 0}
    - target: {fileID: 6026787720373067952, guid: 7cdfa191446aa6f47b4db87170ef2df5,
        type: 3}
      propertyPath: m_LocalEulerAnglesHint.z
      value: 0
      objectReference: {fileID: 0}
    - target: {fileID: 6026787720373067952, guid: 7cdfa191446aa6f47b4db87170ef2df5,
        type: 3}
      propertyPath: m_LocalScale.y
      value: 0.0063947877
      objectReference: {fileID: 0}
    - target: {fileID: 6026787720373067952, guid: 7cdfa191446aa6f47b4db87170ef2df5,
        type: 3}
      propertyPath: m_LocalScale.z
      value: 0.0063947877
      objectReference: {fileID: 0}
    - target: {fileID: 6026787720373067952, guid: 7cdfa191446aa6f47b4db87170ef2df5,
        type: 3}
      propertyPath: m_LocalScale.x
      value: 0.006394784
      objectReference: {fileID: 0}
    - target: {fileID: 6026787720372845712, guid: 7cdfa191446aa6f47b4db87170ef2df5,
        type: 3}
      propertyPath: m_Name
      value: WhiteSmoke Variant (3)
      objectReference: {fileID: 0}
    - target: {fileID: 6026787720358913520, guid: 7cdfa191446aa6f47b4db87170ef2df5,
        type: 3}
      propertyPath: prewarm
      value: 1
      objectReference: {fileID: 0}
    m_RemovedComponents: []
  m_SourcePrefab: {fileID: 100100000, guid: 7cdfa191446aa6f47b4db87170ef2df5, type: 3}
--- !u!4 &1695556469761261894 stripped
Transform:
  m_CorrespondingSourceObject: {fileID: 6026787720373067952, guid: 7cdfa191446aa6f47b4db87170ef2df5,
    type: 3}
  m_PrefabInstance: {fileID: 4910225553798832630}
  m_PrefabAsset: {fileID: 0}
--- !u!1001 &7402875096742042085
PrefabInstance:
  m_ObjectHideFlags: 0
  serializedVersion: 2
  m_Modification:
    m_TransformParent: {fileID: 7796705983003925765}
    m_Modifications:
    - target: {fileID: 6026787720373067952, guid: 7cdfa191446aa6f47b4db87170ef2df5,
        type: 3}
      propertyPath: m_LocalPosition.x
      value: 0.48458862
      objectReference: {fileID: 0}
    - target: {fileID: 6026787720373067952, guid: 7cdfa191446aa6f47b4db87170ef2df5,
        type: 3}
      propertyPath: m_LocalPosition.y
      value: -0.13256109
      objectReference: {fileID: 0}
    - target: {fileID: 6026787720373067952, guid: 7cdfa191446aa6f47b4db87170ef2df5,
        type: 3}
      propertyPath: m_LocalPosition.z
      value: 0.22450256
      objectReference: {fileID: 0}
    - target: {fileID: 6026787720373067952, guid: 7cdfa191446aa6f47b4db87170ef2df5,
        type: 3}
      propertyPath: m_LocalRotation.x
      value: -0.7071068
      objectReference: {fileID: 0}
    - target: {fileID: 6026787720373067952, guid: 7cdfa191446aa6f47b4db87170ef2df5,
        type: 3}
      propertyPath: m_LocalRotation.y
      value: -0
      objectReference: {fileID: 0}
    - target: {fileID: 6026787720373067952, guid: 7cdfa191446aa6f47b4db87170ef2df5,
        type: 3}
      propertyPath: m_LocalRotation.z
      value: -0
      objectReference: {fileID: 0}
    - target: {fileID: 6026787720373067952, guid: 7cdfa191446aa6f47b4db87170ef2df5,
        type: 3}
      propertyPath: m_LocalRotation.w
      value: 0.7071068
      objectReference: {fileID: 0}
    - target: {fileID: 6026787720373067952, guid: 7cdfa191446aa6f47b4db87170ef2df5,
        type: 3}
      propertyPath: m_RootOrder
      value: 2
      objectReference: {fileID: 0}
    - target: {fileID: 6026787720373067952, guid: 7cdfa191446aa6f47b4db87170ef2df5,
        type: 3}
      propertyPath: m_LocalEulerAnglesHint.x
      value: 0
      objectReference: {fileID: 0}
    - target: {fileID: 6026787720373067952, guid: 7cdfa191446aa6f47b4db87170ef2df5,
        type: 3}
      propertyPath: m_LocalEulerAnglesHint.y
      value: 0
      objectReference: {fileID: 0}
    - target: {fileID: 6026787720373067952, guid: 7cdfa191446aa6f47b4db87170ef2df5,
        type: 3}
      propertyPath: m_LocalEulerAnglesHint.z
      value: 0
      objectReference: {fileID: 0}
    - target: {fileID: 6026787720373067952, guid: 7cdfa191446aa6f47b4db87170ef2df5,
        type: 3}
      propertyPath: m_LocalScale.y
      value: 0.0063947877
      objectReference: {fileID: 0}
    - target: {fileID: 6026787720373067952, guid: 7cdfa191446aa6f47b4db87170ef2df5,
        type: 3}
      propertyPath: m_LocalScale.z
      value: 0.0063947877
      objectReference: {fileID: 0}
    - target: {fileID: 6026787720373067952, guid: 7cdfa191446aa6f47b4db87170ef2df5,
        type: 3}
      propertyPath: m_LocalScale.x
      value: 0.0063947844
      objectReference: {fileID: 0}
    - target: {fileID: 6026787720372845712, guid: 7cdfa191446aa6f47b4db87170ef2df5,
        type: 3}
      propertyPath: m_Name
      value: WhiteSmoke Variant (2)
      objectReference: {fileID: 0}
    - target: {fileID: 6026787720358913520, guid: 7cdfa191446aa6f47b4db87170ef2df5,
        type: 3}
      propertyPath: prewarm
      value: 1
      objectReference: {fileID: 0}
    m_RemovedComponents: []
  m_SourcePrefab: {fileID: 100100000, guid: 7cdfa191446aa6f47b4db87170ef2df5, type: 3}
--- !u!4 &3827839977172040021 stripped
Transform:
  m_CorrespondingSourceObject: {fileID: 6026787720373067952, guid: 7cdfa191446aa6f47b4db87170ef2df5,
    type: 3}
  m_PrefabInstance: {fileID: 7402875096742042085}
  m_PrefabAsset: {fileID: 0}
--- !u!1001 &8861782879350169091
PrefabInstance:
  m_ObjectHideFlags: 0
  serializedVersion: 2
  m_Modification:
    m_TransformParent: {fileID: 7796705983003925765}
    m_Modifications:
    - target: {fileID: 6026787720373067952, guid: 7cdfa191446aa6f47b4db87170ef2df5,
        type: 3}
      propertyPath: m_LocalPosition.x
      value: 0.3665886
      objectReference: {fileID: 0}
    - target: {fileID: 6026787720373067952, guid: 7cdfa191446aa6f47b4db87170ef2df5,
        type: 3}
      propertyPath: m_LocalPosition.y
      value: -0.13256109
      objectReference: {fileID: 0}
    - target: {fileID: 6026787720373067952, guid: 7cdfa191446aa6f47b4db87170ef2df5,
        type: 3}
      propertyPath: m_LocalPosition.z
      value: 0.22450256
      objectReference: {fileID: 0}
    - target: {fileID: 6026787720373067952, guid: 7cdfa191446aa6f47b4db87170ef2df5,
        type: 3}
      propertyPath: m_LocalRotation.x
      value: -0.7071068
      objectReference: {fileID: 0}
    - target: {fileID: 6026787720373067952, guid: 7cdfa191446aa6f47b4db87170ef2df5,
        type: 3}
      propertyPath: m_LocalRotation.y
      value: -0
      objectReference: {fileID: 0}
    - target: {fileID: 6026787720373067952, guid: 7cdfa191446aa6f47b4db87170ef2df5,
        type: 3}
      propertyPath: m_LocalRotation.z
      value: -0
      objectReference: {fileID: 0}
    - target: {fileID: 6026787720373067952, guid: 7cdfa191446aa6f47b4db87170ef2df5,
        type: 3}
      propertyPath: m_LocalRotation.w
      value: 0.7071068
      objectReference: {fileID: 0}
    - target: {fileID: 6026787720373067952, guid: 7cdfa191446aa6f47b4db87170ef2df5,
        type: 3}
      propertyPath: m_RootOrder
      value: 4
      objectReference: {fileID: 0}
    - target: {fileID: 6026787720373067952, guid: 7cdfa191446aa6f47b4db87170ef2df5,
        type: 3}
      propertyPath: m_LocalEulerAnglesHint.x
      value: 0
      objectReference: {fileID: 0}
    - target: {fileID: 6026787720373067952, guid: 7cdfa191446aa6f47b4db87170ef2df5,
        type: 3}
      propertyPath: m_LocalEulerAnglesHint.y
      value: 0
      objectReference: {fileID: 0}
    - target: {fileID: 6026787720373067952, guid: 7cdfa191446aa6f47b4db87170ef2df5,
        type: 3}
      propertyPath: m_LocalEulerAnglesHint.z
      value: 0
      objectReference: {fileID: 0}
    - target: {fileID: 6026787720373067952, guid: 7cdfa191446aa6f47b4db87170ef2df5,
        type: 3}
      propertyPath: m_LocalScale.y
      value: 0.0063947877
      objectReference: {fileID: 0}
    - target: {fileID: 6026787720373067952, guid: 7cdfa191446aa6f47b4db87170ef2df5,
        type: 3}
      propertyPath: m_LocalScale.z
      value: 0.0063947877
      objectReference: {fileID: 0}
    - target: {fileID: 6026787720373067952, guid: 7cdfa191446aa6f47b4db87170ef2df5,
        type: 3}
      propertyPath: m_LocalScale.x
      value: 0.006394784
      objectReference: {fileID: 0}
    - target: {fileID: 6026787720372845712, guid: 7cdfa191446aa6f47b4db87170ef2df5,
        type: 3}
      propertyPath: m_Name
      value: WhiteSmoke Variant (4)
      objectReference: {fileID: 0}
    - target: {fileID: 6026787720358913520, guid: 7cdfa191446aa6f47b4db87170ef2df5,
        type: 3}
      propertyPath: prewarm
      value: 1
      objectReference: {fileID: 0}
    m_RemovedComponents: []
  m_SourcePrefab: {fileID: 100100000, guid: 7cdfa191446aa6f47b4db87170ef2df5, type: 3}
--- !u!4 &2979152128545390259 stripped
Transform:
  m_CorrespondingSourceObject: {fileID: 6026787720373067952, guid: 7cdfa191446aa6f47b4db87170ef2df5,
    type: 3}
  m_PrefabInstance: {fileID: 8861782879350169091}
  m_PrefabAsset: {fileID: 0}
