%YAML 1.1
%TAG !u! tag:unity3d.com,2011:
--- !u!1 &1105599701642052
GameObject:
  m_ObjectHideFlags: 0
  m_CorrespondingSourceObject: {fileID: 0}
  m_PrefabInstance: {fileID: 0}
  m_PrefabAsset: {fileID: 0}
  serializedVersion: 6
  m_Component:
  - component: {fileID: 4328629584235940}
  m_Layer: 0
  m_Name: GameObject
  m_TagString: Untagged
  m_Icon: {fileID: 0}
  m_NavMeshLayer: 0
  m_StaticEditorFlags: 0
  m_IsActive: 1
--- !u!4 &4328629584235940
Transform:
  m_ObjectHideFlags: 0
  m_CorrespondingSourceObject: {fileID: 0}
  m_PrefabInstance: {fileID: 0}
  m_PrefabAsset: {fileID: 0}
  m_GameObject: {fileID: 1105599701642052}
  m_LocalRotation: {x: -0, y: -0, z: -0, w: 1}
  m_LocalPosition: {x: 0, y: 0, z: 0}
  m_LocalScale: {x: 1, y: 1, z: 1}
  m_Children:
  - {fileID: 4295218153817387015}
  - {fileID: 4082746790434484}
  - {fileID: 4458458259533400}
  - {fileID: 4986240566815534}
  - {fileID: 4168617643816396}
  - {fileID: 4249638945362381879}
  - {fileID: 8309442961769432321}
  m_Father: {fileID: 4010363228510728}
  m_RootOrder: 0
  m_LocalEulerAnglesHint: {x: 0, y: 0, z: 0}
--- !u!1 &1289677640347194
GameObject:
  m_ObjectHideFlags: 0
  m_CorrespondingSourceObject: {fileID: 0}
  m_PrefabInstance: {fileID: 0}
  m_PrefabAsset: {fileID: 0}
  serializedVersion: 6
  m_Component:
  - component: {fileID: 4986240566815534}
  - component: {fileID: 33953175342264418}
  - component: {fileID: 23127761109759200}
  - component: {fileID: 64851989468347802}
  m_Layer: 0
  m_Name: Building_NewHouse_A (2)
  m_TagString: Untagged
  m_Icon: {fileID: 0}
  m_NavMeshLayer: 0
  m_StaticEditorFlags: 0
  m_IsActive: 1
--- !u!4 &4986240566815534
Transform:
  m_ObjectHideFlags: 0
  m_CorrespondingSourceObject: {fileID: 0}
  m_PrefabInstance: {fileID: 0}
  m_PrefabAsset: {fileID: 0}
  m_GameObject: {fileID: 1289677640347194}
  m_LocalRotation: {x: -0, y: 1, z: -0, w: 0}
  m_LocalPosition: {x: -0.499, y: 0.097, z: 0.505}
  m_LocalScale: {x: 0.047848195, y: 0.047848195, z: 0.047848195}
  m_Children: []
  m_Father: {fileID: 4328629584235940}
  m_RootOrder: 3
  m_LocalEulerAnglesHint: {x: 0, y: 180, z: 0}
--- !u!33 &33953175342264418
MeshFilter:
  m_ObjectHideFlags: 0
  m_CorrespondingSourceObject: {fileID: 0}
  m_PrefabInstance: {fileID: 0}
  m_PrefabAsset: {fileID: 0}
  m_GameObject: {fileID: 1289677640347194}
  m_Mesh: {fileID: 4300000, guid: 04ca835ed0b1da54db4dee1dfe074979, type: 3}
--- !u!23 &23127761109759200
MeshRenderer:
  m_ObjectHideFlags: 0
  m_CorrespondingSourceObject: {fileID: 0}
  m_PrefabInstance: {fileID: 0}
  m_PrefabAsset: {fileID: 0}
  m_GameObject: {fileID: 1289677640347194}
  m_Enabled: 1
  m_CastShadows: 2
  m_ReceiveShadows: 1
  m_DynamicOccludee: 1
  m_MotionVectors: 1
  m_LightProbeUsage: 1
  m_ReflectionProbeUsage: 1
  m_RenderingLayerMask: 4294967295
  m_RendererPriority: 0
  m_Materials:
  - {fileID: 2100000, guid: ad34f57f2a5f314418aecd5836be1d9b, type: 2}
  m_StaticBatchInfo:
    firstSubMesh: 0
    subMeshCount: 0
  m_StaticBatchRoot: {fileID: 0}
  m_ProbeAnchor: {fileID: 0}
  m_LightProbeVolumeOverride: {fileID: 0}
  m_ScaleInLightmap: 1
  m_PreserveUVs: 0
  m_IgnoreNormalsForChartDetection: 0
  m_ImportantGI: 0
  m_StitchLightmapSeams: 0
  m_SelectedEditorRenderState: 3
  m_MinimumChartSize: 4
  m_AutoUVMaxDistance: 0.5
  m_AutoUVMaxAngle: 89
  m_LightmapParameters: {fileID: 0}
  m_SortingLayerID: 0
  m_SortingLayer: 0
  m_SortingOrder: 0
--- !u!64 &64851989468347802
MeshCollider:
  m_ObjectHideFlags: 0
  m_CorrespondingSourceObject: {fileID: 0}
  m_PrefabInstance: {fileID: 0}
  m_PrefabAsset: {fileID: 0}
  m_GameObject: {fileID: 1289677640347194}
  m_Material: {fileID: 0}
  m_IsTrigger: 0
  m_Enabled: 1
  serializedVersion: 3
  m_Convex: 0
  m_CookingOptions: 14
  m_Mesh: {fileID: 4300000, guid: 04ca835ed0b1da54db4dee1dfe074979, type: 3}
--- !u!1 &1390425464163488
GameObject:
  m_ObjectHideFlags: 0
  m_CorrespondingSourceObject: {fileID: 0}
  m_PrefabInstance: {fileID: 0}
  m_PrefabAsset: {fileID: 0}
  serializedVersion: 6
  m_Component:
  - component: {fileID: 4168617643816396}
  - component: {fileID: 33319577095806018}
  - component: {fileID: 23819239221903682}
  - component: {fileID: 64091727407993040}
  m_Layer: 0
  m_Name: Building_NewHouse_A (3)
  m_TagString: Untagged
  m_Icon: {fileID: 0}
  m_NavMeshLayer: 0
  m_StaticEditorFlags: 0
  m_IsActive: 1
--- !u!4 &4168617643816396
Transform:
  m_ObjectHideFlags: 0
  m_CorrespondingSourceObject: {fileID: 0}
  m_PrefabInstance: {fileID: 0}
  m_PrefabAsset: {fileID: 0}
  m_GameObject: {fileID: 1390425464163488}
  m_LocalRotation: {x: -0, y: 1, z: -0, w: 0}
  m_LocalPosition: {x: -0.499, y: 0.09699999, z: -0.504}
  m_LocalScale: {x: 0.047848195, y: 0.047848195, z: 0.047848195}
  m_Children: []
  m_Father: {fileID: 4328629584235940}
  m_RootOrder: 4
  m_LocalEulerAnglesHint: {x: 0, y: 180, z: 0}
--- !u!33 &33319577095806018
MeshFilter:
  m_ObjectHideFlags: 0
  m_CorrespondingSourceObject: {fileID: 0}
  m_PrefabInstance: {fileID: 0}
  m_PrefabAsset: {fileID: 0}
  m_GameObject: {fileID: 1390425464163488}
  m_Mesh: {fileID: 4300000, guid: 04ca835ed0b1da54db4dee1dfe074979, type: 3}
--- !u!23 &23819239221903682
MeshRenderer:
  m_ObjectHideFlags: 0
  m_CorrespondingSourceObject: {fileID: 0}
  m_PrefabInstance: {fileID: 0}
  m_PrefabAsset: {fileID: 0}
  m_GameObject: {fileID: 1390425464163488}
  m_Enabled: 1
  m_CastShadows: 2
  m_ReceiveShadows: 1
  m_DynamicOccludee: 1
  m_MotionVectors: 1
  m_LightProbeUsage: 1
  m_ReflectionProbeUsage: 1
  m_RenderingLayerMask: 4294967295
  m_RendererPriority: 0
  m_Materials:
  - {fileID: 2100000, guid: ad34f57f2a5f314418aecd5836be1d9b, type: 2}
  m_StaticBatchInfo:
    firstSubMesh: 0
    subMeshCount: 0
  m_StaticBatchRoot: {fileID: 0}
  m_ProbeAnchor: {fileID: 0}
  m_LightProbeVolumeOverride: {fileID: 0}
  m_ScaleInLightmap: 1
  m_PreserveUVs: 0
  m_IgnoreNormalsForChartDetection: 0
  m_ImportantGI: 0
  m_StitchLightmapSeams: 0
  m_SelectedEditorRenderState: 3
  m_MinimumChartSize: 4
  m_AutoUVMaxDistance: 0.5
  m_AutoUVMaxAngle: 89
  m_LightmapParameters: {fileID: 0}
  m_SortingLayerID: 0
  m_SortingLayer: 0
  m_SortingOrder: 0
--- !u!64 &64091727407993040
MeshCollider:
  m_ObjectHideFlags: 0
  m_CorrespondingSourceObject: {fileID: 0}
  m_PrefabInstance: {fileID: 0}
  m_PrefabAsset: {fileID: 0}
  m_GameObject: {fileID: 1390425464163488}
  m_Material: {fileID: 0}
  m_IsTrigger: 0
  m_Enabled: 1
  serializedVersion: 3
  m_Convex: 0
  m_CookingOptions: 14
  m_Mesh: {fileID: 4300000, guid: 04ca835ed0b1da54db4dee1dfe074979, type: 3}
--- !u!1 &1537832036772494
GameObject:
  m_ObjectHideFlags: 0
  m_CorrespondingSourceObject: {fileID: 0}
  m_PrefabInstance: {fileID: 0}
  m_PrefabAsset: {fileID: 0}
  serializedVersion: 6
  m_Component:
  - component: {fileID: 4458458259533400}
  - component: {fileID: 33248298333091530}
  - component: {fileID: 23248940612738008}
  - component: {fileID: 64403112827402216}
  m_Layer: 0
  m_Name: Building_NewHouse_A (1)
  m_TagString: Untagged
  m_Icon: {fileID: 0}
  m_NavMeshLayer: 0
  m_StaticEditorFlags: 0
  m_IsActive: 1
--- !u!4 &4458458259533400
Transform:
  m_ObjectHideFlags: 0
  m_CorrespondingSourceObject: {fileID: 0}
  m_PrefabInstance: {fileID: 0}
  m_PrefabAsset: {fileID: 0}
  m_GameObject: {fileID: 1537832036772494}
  m_LocalRotation: {x: -0, y: -0, z: -0, w: 1}
  m_LocalPosition: {x: 0.50414, y: 0.09699999, z: -0.504}
  m_LocalScale: {x: 0.047848195, y: 0.047848195, z: 0.047848195}
  m_Children: []
  m_Father: {fileID: 4328629584235940}
  m_RootOrder: 2
  m_LocalEulerAnglesHint: {x: 0, y: 0, z: 0}
--- !u!33 &33248298333091530
MeshFilter:
  m_ObjectHideFlags: 0
  m_CorrespondingSourceObject: {fileID: 0}
  m_PrefabInstance: {fileID: 0}
  m_PrefabAsset: {fileID: 0}
  m_GameObject: {fileID: 1537832036772494}
  m_Mesh: {fileID: 4300000, guid: 04ca835ed0b1da54db4dee1dfe074979, type: 3}
--- !u!23 &23248940612738008
MeshRenderer:
  m_ObjectHideFlags: 0
  m_CorrespondingSourceObject: {fileID: 0}
  m_PrefabInstance: {fileID: 0}
  m_PrefabAsset: {fileID: 0}
  m_GameObject: {fileID: 1537832036772494}
  m_Enabled: 1
  m_CastShadows: 2
  m_ReceiveShadows: 1
  m_DynamicOccludee: 1
  m_MotionVectors: 1
  m_LightProbeUsage: 1
  m_ReflectionProbeUsage: 1
  m_RenderingLayerMask: 4294967295
  m_RendererPriority: 0
  m_Materials:
  - {fileID: 2100000, guid: ad34f57f2a5f314418aecd5836be1d9b, type: 2}
  m_StaticBatchInfo:
    firstSubMesh: 0
    subMeshCount: 0
  m_StaticBatchRoot: {fileID: 0}
  m_ProbeAnchor: {fileID: 0}
  m_LightProbeVolumeOverride: {fileID: 0}
  m_ScaleInLightmap: 1
  m_PreserveUVs: 0
  m_IgnoreNormalsForChartDetection: 0
  m_ImportantGI: 0
  m_StitchLightmapSeams: 0
  m_SelectedEditorRenderState: 3
  m_MinimumChartSize: 4
  m_AutoUVMaxDistance: 0.5
  m_AutoUVMaxAngle: 89
  m_LightmapParameters: {fileID: 0}
  m_SortingLayerID: 0
  m_SortingLayer: 0
  m_SortingOrder: 0
--- !u!64 &64403112827402216
MeshCollider:
  m_ObjectHideFlags: 0
  m_CorrespondingSourceObject: {fileID: 0}
  m_PrefabInstance: {fileID: 0}
  m_PrefabAsset: {fileID: 0}
  m_GameObject: {fileID: 1537832036772494}
  m_Material: {fileID: 0}
  m_IsTrigger: 0
  m_Enabled: 1
  serializedVersion: 3
  m_Convex: 0
  m_CookingOptions: 14
  m_Mesh: {fileID: 4300000, guid: 04ca835ed0b1da54db4dee1dfe074979, type: 3}
--- !u!1 &1588420969100166
GameObject:
  m_ObjectHideFlags: 0
  m_CorrespondingSourceObject: {fileID: 0}
  m_PrefabInstance: {fileID: 0}
  m_PrefabAsset: {fileID: 0}
  serializedVersion: 6
  m_Component:
  - component: {fileID: 4082746790434484}
  - component: {fileID: 33992446083874912}
  - component: {fileID: 23968389018813338}
  - component: {fileID: 64586524738329864}
  m_Layer: 0
  m_Name: Building_NewHouse_A
  m_TagString: Untagged
  m_Icon: {fileID: 0}
  m_NavMeshLayer: 0
  m_StaticEditorFlags: 0
  m_IsActive: 1
--- !u!4 &4082746790434484
Transform:
  m_ObjectHideFlags: 0
  m_CorrespondingSourceObject: {fileID: 0}
  m_PrefabInstance: {fileID: 0}
  m_PrefabAsset: {fileID: 0}
  m_GameObject: {fileID: 1588420969100166}
  m_LocalRotation: {x: -0, y: -0, z: -0, w: 1}
  m_LocalPosition: {x: 0.50414, y: 0.09699999, z: 0.504}
  m_LocalScale: {x: 0.047848195, y: 0.047848195, z: 0.047848195}
  m_Children: []
  m_Father: {fileID: 4328629584235940}
  m_RootOrder: 1
  m_LocalEulerAnglesHint: {x: 0, y: 0, z: 0}
--- !u!33 &33992446083874912
MeshFilter:
  m_ObjectHideFlags: 0
  m_CorrespondingSourceObject: {fileID: 0}
  m_PrefabInstance: {fileID: 0}
  m_PrefabAsset: {fileID: 0}
  m_GameObject: {fileID: 1588420969100166}
  m_Mesh: {fileID: 4300000, guid: 04ca835ed0b1da54db4dee1dfe074979, type: 3}
--- !u!23 &23968389018813338
MeshRenderer:
  m_ObjectHideFlags: 0
  m_CorrespondingSourceObject: {fileID: 0}
  m_PrefabInstance: {fileID: 0}
  m_PrefabAsset: {fileID: 0}
  m_GameObject: {fileID: 1588420969100166}
  m_Enabled: 1
  m_CastShadows: 2
  m_ReceiveShadows: 1
  m_DynamicOccludee: 1
  m_MotionVectors: 1
  m_LightProbeUsage: 1
  m_ReflectionProbeUsage: 1
  m_RenderingLayerMask: 4294967295
  m_RendererPriority: 0
  m_Materials:
  - {fileID: 2100000, guid: ad34f57f2a5f314418aecd5836be1d9b, type: 2}
  m_StaticBatchInfo:
    firstSubMesh: 0
    subMeshCount: 0
  m_StaticBatchRoot: {fileID: 0}
  m_ProbeAnchor: {fileID: 0}
  m_LightProbeVolumeOverride: {fileID: 0}
  m_ScaleInLightmap: 1
  m_PreserveUVs: 0
  m_IgnoreNormalsForChartDetection: 0
  m_ImportantGI: 0
  m_StitchLightmapSeams: 0
  m_SelectedEditorRenderState: 3
  m_MinimumChartSize: 4
  m_AutoUVMaxDistance: 0.5
  m_AutoUVMaxAngle: 89
  m_LightmapParameters: {fileID: 0}
  m_SortingLayerID: 0
  m_SortingLayer: 0
  m_SortingOrder: 0
--- !u!64 &64586524738329864
MeshCollider:
  m_ObjectHideFlags: 0
  m_CorrespondingSourceObject: {fileID: 0}
  m_PrefabInstance: {fileID: 0}
  m_PrefabAsset: {fileID: 0}
  m_GameObject: {fileID: 1588420969100166}
  m_Material: {fileID: 0}
  m_IsTrigger: 0
  m_Enabled: 1
  serializedVersion: 3
  m_Convex: 0
  m_CookingOptions: 14
  m_Mesh: {fileID: 4300000, guid: 04ca835ed0b1da54db4dee1dfe074979, type: 3}
--- !u!1 &1885501581288728
GameObject:
  m_ObjectHideFlags: 0
  m_CorrespondingSourceObject: {fileID: 0}
  m_PrefabInstance: {fileID: 0}
  m_PrefabAsset: {fileID: 0}
  serializedVersion: 6
  m_Component:
  - component: {fileID: 4010363228510728}
  m_Layer: 0
  m_Name: Habitation
  m_TagString: Untagged
  m_Icon: {fileID: 0}
  m_NavMeshLayer: 0
  m_StaticEditorFlags: 0
  m_IsActive: 1
--- !u!4 &4010363228510728
Transform:
  m_ObjectHideFlags: 0
  m_CorrespondingSourceObject: {fileID: 0}
  m_PrefabInstance: {fileID: 0}
  m_PrefabAsset: {fileID: 0}
  m_GameObject: {fileID: 1885501581288728}
  m_LocalRotation: {x: 0, y: 0, z: 0, w: 1}
  m_LocalPosition: {x: 0, y: 0, z: 0}
  m_LocalScale: {x: 1, y: 1, z: 1}
  m_Children:
  - {fileID: 4328629584235940}
  - {fileID: 696330727157400384}
  - {fileID: 7114600391839242178}
  m_Father: {fileID: 0}
  m_RootOrder: 0
  m_LocalEulerAnglesHint: {x: 0, y: 0, z: 0}
--- !u!1 &2018545600028678289
GameObject:
  m_ObjectHideFlags: 0
  m_CorrespondingSourceObject: {fileID: 0}
  m_PrefabInstance: {fileID: 0}
  m_PrefabAsset: {fileID: 0}
  serializedVersion: 6
  m_Component:
  - component: {fileID: 8309442961769432321}
  - component: {fileID: 4009027043178122543}
  - component: {fileID: 1776961278372974023}
  - component: {fileID: 1256349269107731575}
  m_Layer: 0
  m_Name: Building_NewHouse_A (5)
  m_TagString: Untagged
  m_Icon: {fileID: 0}
  m_NavMeshLayer: 0
  m_StaticEditorFlags: 0
  m_IsActive: 1
--- !u!4 &8309442961769432321
Transform:
  m_ObjectHideFlags: 0
  m_CorrespondingSourceObject: {fileID: 0}
  m_PrefabInstance: {fileID: 0}
  m_PrefabAsset: {fileID: 0}
  m_GameObject: {fileID: 2018545600028678289}
  m_LocalRotation: {x: -0, y: -0, z: -0, w: 1}
  m_LocalPosition: {x: 0.511, y: 0.09699999, z: 0.002}
  m_LocalScale: {x: 0.047848195, y: 0.047848195, z: 0.047848195}
  m_Children: []
  m_Father: {fileID: 4328629584235940}
  m_RootOrder: 6
  m_LocalEulerAnglesHint: {x: 0, y: 0, z: 0}
--- !u!33 &4009027043178122543
MeshFilter:
  m_ObjectHideFlags: 0
  m_CorrespondingSourceObject: {fileID: 0}
  m_PrefabInstance: {fileID: 0}
  m_PrefabAsset: {fileID: 0}
  m_GameObject: {fileID: 2018545600028678289}
  m_Mesh: {fileID: 4300000, guid: 04ca835ed0b1da54db4dee1dfe074979, type: 3}
--- !u!23 &1776961278372974023
MeshRenderer:
  m_ObjectHideFlags: 0
  m_CorrespondingSourceObject: {fileID: 0}
  m_PrefabInstance: {fileID: 0}
  m_PrefabAsset: {fileID: 0}
  m_GameObject: {fileID: 2018545600028678289}
  m_Enabled: 1
  m_CastShadows: 2
  m_ReceiveShadows: 1
  m_DynamicOccludee: 1
  m_MotionVectors: 1
  m_LightProbeUsage: 1
  m_ReflectionProbeUsage: 1
  m_RenderingLayerMask: 4294967295
  m_RendererPriority: 0
  m_Materials:
  - {fileID: 2100000, guid: ad34f57f2a5f314418aecd5836be1d9b, type: 2}
  m_StaticBatchInfo:
    firstSubMesh: 0
    subMeshCount: 0
  m_StaticBatchRoot: {fileID: 0}
  m_ProbeAnchor: {fileID: 0}
  m_LightProbeVolumeOverride: {fileID: 0}
  m_ScaleInLightmap: 1
  m_PreserveUVs: 0
  m_IgnoreNormalsForChartDetection: 0
  m_ImportantGI: 0
  m_StitchLightmapSeams: 0
  m_SelectedEditorRenderState: 3
  m_MinimumChartSize: 4
  m_AutoUVMaxDistance: 0.5
  m_AutoUVMaxAngle: 89
  m_LightmapParameters: {fileID: 0}
  m_SortingLayerID: 0
  m_SortingLayer: 0
  m_SortingOrder: 0
--- !u!64 &1256349269107731575
MeshCollider:
  m_ObjectHideFlags: 0
  m_CorrespondingSourceObject: {fileID: 0}
  m_PrefabInstance: {fileID: 0}
  m_PrefabAsset: {fileID: 0}
  m_GameObject: {fileID: 2018545600028678289}
  m_Material: {fileID: 0}
  m_IsTrigger: 0
  m_Enabled: 1
  serializedVersion: 3
  m_Convex: 0
  m_CookingOptions: 14
  m_Mesh: {fileID: 4300000, guid: 04ca835ed0b1da54db4dee1dfe074979, type: 3}
--- !u!1 &2953815053196488512
GameObject:
  m_ObjectHideFlags: 0
  m_CorrespondingSourceObject: {fileID: 0}
  m_PrefabInstance: {fileID: 0}
  m_PrefabAsset: {fileID: 0}
  serializedVersion: 6
  m_Component:
  - component: {fileID: 4295218153817387015}
  m_Layer: 0
  m_Name: Smokes
  m_TagString: Untagged
  m_Icon: {fileID: 0}
  m_NavMeshLayer: 0
  m_StaticEditorFlags: 0
  m_IsActive: 1
--- !u!4 &4295218153817387015
Transform:
  m_ObjectHideFlags: 0
  m_CorrespondingSourceObject: {fileID: 0}
  m_PrefabInstance: {fileID: 0}
  m_PrefabAsset: {fileID: 0}
  m_GameObject: {fileID: 2953815053196488512}
  m_LocalRotation: {x: -0, y: -0, z: -0, w: 1}
  m_LocalPosition: {x: -0.003, y: 0.31470257, z: -0.002}
  m_LocalScale: {x: 1, y: 1, z: 1}
  m_Children:
  - {fileID: 8996338483299907562}
  - {fileID: 3520779154098585376}
  - {fileID: 1740864876896926754}
  - {fileID: 3332519459401057854}
  - {fileID: 8139976692343427023}
  - {fileID: 7832162320059127931}
  m_Father: {fileID: 4328629584235940}
  m_RootOrder: 0
  m_LocalEulerAnglesHint: {x: 0, y: 0, z: 0}
--- !u!1 &5487311981655245830
GameObject:
  m_ObjectHideFlags: 0
  m_CorrespondingSourceObject: {fileID: 0}
  m_PrefabInstance: {fileID: 0}
  m_PrefabAsset: {fileID: 0}
  serializedVersion: 6
  m_Component:
  - component: {fileID: 4249638945362381879}
  - component: {fileID: 858151911485530002}
  - component: {fileID: 1398132891571355674}
  - component: {fileID: 4856957890935697606}
  m_Layer: 0
  m_Name: Building_NewHouse_A (4)
  m_TagString: Untagged
  m_Icon: {fileID: 0}
  m_NavMeshLayer: 0
  m_StaticEditorFlags: 0
  m_IsActive: 1
--- !u!4 &4249638945362381879
Transform:
  m_ObjectHideFlags: 0
  m_CorrespondingSourceObject: {fileID: 0}
  m_PrefabInstance: {fileID: 0}
  m_PrefabAsset: {fileID: 0}
  m_GameObject: {fileID: 5487311981655245830}
  m_LocalRotation: {x: -0, y: 1, z: -0, w: 0}
  m_LocalPosition: {x: -0.499, y: 0.09699999, z: 0.007}
  m_LocalScale: {x: 0.047848195, y: 0.047848195, z: 0.047848195}
  m_Children: []
  m_Father: {fileID: 4328629584235940}
  m_RootOrder: 5
  m_LocalEulerAnglesHint: {x: 0, y: 180, z: 0}
--- !u!33 &858151911485530002
MeshFilter:
  m_ObjectHideFlags: 0
  m_CorrespondingSourceObject: {fileID: 0}
  m_PrefabInstance: {fileID: 0}
  m_PrefabAsset: {fileID: 0}
  m_GameObject: {fileID: 5487311981655245830}
  m_Mesh: {fileID: 4300000, guid: 04ca835ed0b1da54db4dee1dfe074979, type: 3}
--- !u!23 &1398132891571355674
MeshRenderer:
  m_ObjectHideFlags: 0
  m_CorrespondingSourceObject: {fileID: 0}
  m_PrefabInstance: {fileID: 0}
  m_PrefabAsset: {fileID: 0}
  m_GameObject: {fileID: 5487311981655245830}
  m_Enabled: 1
  m_CastShadows: 2
  m_ReceiveShadows: 1
  m_DynamicOccludee: 1
  m_MotionVectors: 1
  m_LightProbeUsage: 1
  m_ReflectionProbeUsage: 1
  m_RenderingLayerMask: 4294967295
  m_RendererPriority: 0
  m_Materials:
  - {fileID: 2100000, guid: ad34f57f2a5f314418aecd5836be1d9b, type: 2}
  m_StaticBatchInfo:
    firstSubMesh: 0
    subMeshCount: 0
  m_StaticBatchRoot: {fileID: 0}
  m_ProbeAnchor: {fileID: 0}
  m_LightProbeVolumeOverride: {fileID: 0}
  m_ScaleInLightmap: 1
  m_PreserveUVs: 0
  m_IgnoreNormalsForChartDetection: 0
  m_ImportantGI: 0
  m_StitchLightmapSeams: 0
  m_SelectedEditorRenderState: 3
  m_MinimumChartSize: 4
  m_AutoUVMaxDistance: 0.5
  m_AutoUVMaxAngle: 89
  m_LightmapParameters: {fileID: 0}
  m_SortingLayerID: 0
  m_SortingLayer: 0
  m_SortingOrder: 0
--- !u!64 &4856957890935697606
MeshCollider:
  m_ObjectHideFlags: 0
  m_CorrespondingSourceObject: {fileID: 0}
  m_PrefabInstance: {fileID: 0}
  m_PrefabAsset: {fileID: 0}
  m_GameObject: {fileID: 5487311981655245830}
  m_Material: {fileID: 0}
  m_IsTrigger: 0
  m_Enabled: 1
  serializedVersion: 3
  m_Convex: 0
  m_CookingOptions: 14
  m_Mesh: {fileID: 4300000, guid: 04ca835ed0b1da54db4dee1dfe074979, type: 3}
--- !u!1001 &2512616362381294722
PrefabInstance:
  m_ObjectHideFlags: 0
  serializedVersion: 2
  m_Modification:
    m_TransformParent: {fileID: 4010363228510728}
    m_Modifications:
    - target: {fileID: 3132049442094338240, guid: 5152704cb4f05a345bead9a757e8470d,
        type: 3}
      propertyPath: m_Name
      value: Tile_Grass
      objectReference: {fileID: 0}
    - target: {fileID: 3132049442094071746, guid: 5152704cb4f05a345bead9a757e8470d,
        type: 3}
      propertyPath: m_LocalPosition.x
      value: -0.0030000228
      objectReference: {fileID: 0}
    - target: {fileID: 3132049442094071746, guid: 5152704cb4f05a345bead9a757e8470d,
        type: 3}
      propertyPath: m_LocalPosition.y
      value: 0.076
      objectReference: {fileID: 0}
    - target: {fileID: 3132049442094071746, guid: 5152704cb4f05a345bead9a757e8470d,
        type: 3}
      propertyPath: m_LocalPosition.z
      value: 0.00178436
      objectReference: {fileID: 0}
    - target: {fileID: 3132049442094071746, guid: 5152704cb4f05a345bead9a757e8470d,
        type: 3}
      propertyPath: m_LocalRotation.x
      value: -0
      objectReference: {fileID: 0}
    - target: {fileID: 3132049442094071746, guid: 5152704cb4f05a345bead9a757e8470d,
        type: 3}
      propertyPath: m_LocalRotation.y
      value: -0
      objectReference: {fileID: 0}
    - target: {fileID: 3132049442094071746, guid: 5152704cb4f05a345bead9a757e8470d,
        type: 3}
      propertyPath: m_LocalRotation.z
      value: -0
      objectReference: {fileID: 0}
    - target: {fileID: 3132049442094071746, guid: 5152704cb4f05a345bead9a757e8470d,
        type: 3}
      propertyPath: m_LocalRotation.w
      value: 1
      objectReference: {fileID: 0}
    - target: {fileID: 3132049442094071746, guid: 5152704cb4f05a345bead9a757e8470d,
        type: 3}
      propertyPath: m_RootOrder
      value: 1
      objectReference: {fileID: 0}
    - target: {fileID: 3132049442094071746, guid: 5152704cb4f05a345bead9a757e8470d,
        type: 3}
      propertyPath: m_LocalEulerAnglesHint.x
      value: 0
      objectReference: {fileID: 0}
    - target: {fileID: 3132049442094071746, guid: 5152704cb4f05a345bead9a757e8470d,
        type: 3}
      propertyPath: m_LocalEulerAnglesHint.y
      value: 0
      objectReference: {fileID: 0}
    - target: {fileID: 3132049442094071746, guid: 5152704cb4f05a345bead9a757e8470d,
        type: 3}
      propertyPath: m_LocalEulerAnglesHint.z
      value: 0
      objectReference: {fileID: 0}
    - target: {fileID: 3132049442094071746, guid: 5152704cb4f05a345bead9a757e8470d,
        type: 3}
      propertyPath: m_LocalScale.x
      value: 0.1498057
      objectReference: {fileID: 0}
    - target: {fileID: 3132049442094071746, guid: 5152704cb4f05a345bead9a757e8470d,
        type: 3}
      propertyPath: m_LocalScale.y
      value: 0.09971067
      objectReference: {fileID: 0}
    - target: {fileID: 3132049442094071746, guid: 5152704cb4f05a345bead9a757e8470d,
        type: 3}
      propertyPath: m_LocalScale.z
      value: 0.1498057
      objectReference: {fileID: 0}
    m_RemovedComponents: []
  m_SourcePrefab: {fileID: 100100000, guid: 5152704cb4f05a345bead9a757e8470d, type: 3}
--- !u!4 &696330727157400384 stripped
Transform:
  m_CorrespondingSourceObject: {fileID: 3132049442094071746, guid: 5152704cb4f05a345bead9a757e8470d,
    type: 3}
  m_PrefabInstance: {fileID: 2512616362381294722}
  m_PrefabAsset: {fileID: 0}
--- !u!1001 &2545785224865984383
PrefabInstance:
  m_ObjectHideFlags: 0
  serializedVersion: 2
  m_Modification:
    m_TransformParent: {fileID: 4295218153817387015}
    m_Modifications:
    - target: {fileID: 6026787720372845712, guid: 7cdfa191446aa6f47b4db87170ef2df5,
        type: 3}
      propertyPath: m_Name
      value: WhiteSmoke Variant (4)
      objectReference: {fileID: 0}
    - target: {fileID: 6026787720373067952, guid: 7cdfa191446aa6f47b4db87170ef2df5,
        type: 3}
      propertyPath: m_LocalPosition.x
      value: -0.56200004
      objectReference: {fileID: 0}
    - target: {fileID: 6026787720373067952, guid: 7cdfa191446aa6f47b4db87170ef2df5,
        type: 3}
      propertyPath: m_LocalPosition.y
      value: 0.28799996
      objectReference: {fileID: 0}
    - target: {fileID: 6026787720373067952, guid: 7cdfa191446aa6f47b4db87170ef2df5,
        type: 3}
      propertyPath: m_LocalPosition.z
      value: -0.396
      objectReference: {fileID: 0}
    - target: {fileID: 6026787720373067952, guid: 7cdfa191446aa6f47b4db87170ef2df5,
        type: 3}
      propertyPath: m_LocalRotation.x
      value: -0.7071068
      objectReference: {fileID: 0}
    - target: {fileID: 6026787720373067952, guid: 7cdfa191446aa6f47b4db87170ef2df5,
        type: 3}
      propertyPath: m_LocalRotation.y
      value: -0
      objectReference: {fileID: 0}
    - target: {fileID: 6026787720373067952, guid: 7cdfa191446aa6f47b4db87170ef2df5,
        type: 3}
      propertyPath: m_LocalRotation.z
      value: -0
      objectReference: {fileID: 0}
    - target: {fileID: 6026787720373067952, guid: 7cdfa191446aa6f47b4db87170ef2df5,
        type: 3}
      propertyPath: m_LocalRotation.w
      value: 0.7071068
      objectReference: {fileID: 0}
    - target: {fileID: 6026787720373067952, guid: 7cdfa191446aa6f47b4db87170ef2df5,
        type: 3}
      propertyPath: m_RootOrder
      value: 4
      objectReference: {fileID: 0}
    - target: {fileID: 6026787720373067952, guid: 7cdfa191446aa6f47b4db87170ef2df5,
        type: 3}
      propertyPath: m_LocalEulerAnglesHint.x
      value: 0
      objectReference: {fileID: 0}
    - target: {fileID: 6026787720373067952, guid: 7cdfa191446aa6f47b4db87170ef2df5,
        type: 3}
      propertyPath: m_LocalEulerAnglesHint.y
      value: 0
      objectReference: {fileID: 0}
    - target: {fileID: 6026787720373067952, guid: 7cdfa191446aa6f47b4db87170ef2df5,
        type: 3}
      propertyPath: m_LocalEulerAnglesHint.z
      value: 0
      objectReference: {fileID: 0}
    - target: {fileID: 6026787720373067952, guid: 7cdfa191446aa6f47b4db87170ef2df5,
        type: 3}
      propertyPath: m_LocalScale.y
      value: 0.00237264
      objectReference: {fileID: 0}
    - target: {fileID: 6026787720373067952, guid: 7cdfa191446aa6f47b4db87170ef2df5,
        type: 3}
      propertyPath: m_LocalScale.z
      value: 0.00237264
      objectReference: {fileID: 0}
    - target: {fileID: 6026787720373067952, guid: 7cdfa191446aa6f47b4db87170ef2df5,
        type: 3}
      propertyPath: m_LocalScale.x
      value: 0.002372639
      objectReference: {fileID: 0}
    - target: {fileID: 6026787720358913520, guid: 7cdfa191446aa6f47b4db87170ef2df5,
        type: 3}
      propertyPath: prewarm
      value: 1
      objectReference: {fileID: 0}
    m_RemovedComponents: []
  m_SourcePrefab: {fileID: 100100000, guid: 7cdfa191446aa6f47b4db87170ef2df5, type: 3}
--- !u!4 &8139976692343427023 stripped
Transform:
  m_CorrespondingSourceObject: {fileID: 6026787720373067952, guid: 7cdfa191446aa6f47b4db87170ef2df5,
    type: 3}
  m_PrefabInstance: {fileID: 2545785224865984383}
  m_PrefabAsset: {fileID: 0}
--- !u!1001 &3421075108528232282
PrefabInstance:
  m_ObjectHideFlags: 0
  serializedVersion: 2
  m_Modification:
    m_TransformParent: {fileID: 4295218153817387015}
    m_Modifications:
    - target: {fileID: 6026787720372845712, guid: 7cdfa191446aa6f47b4db87170ef2df5,
        type: 3}
      propertyPath: m_Name
      value: WhiteSmoke Variant
      objectReference: {fileID: 0}
    - target: {fileID: 6026787720373067952, guid: 7cdfa191446aa6f47b4db87170ef2df5,
        type: 3}
      propertyPath: m_LocalPosition.x
      value: -0.56200004
      objectReference: {fileID: 0}
    - target: {fileID: 6026787720373067952, guid: 7cdfa191446aa6f47b4db87170ef2df5,
        type: 3}
      propertyPath: m_LocalPosition.y
      value: 0.28787446
      objectReference: {fileID: 0}
    - target: {fileID: 6026787720373067952, guid: 7cdfa191446aa6f47b4db87170ef2df5,
        type: 3}
      propertyPath: m_LocalPosition.z
      value: 0.63820004
      objectReference: {fileID: 0}
    - target: {fileID: 6026787720373067952, guid: 7cdfa191446aa6f47b4db87170ef2df5,
        type: 3}
      propertyPath: m_LocalRotation.x
      value: -0.7071068
      objectReference: {fileID: 0}
    - target: {fileID: 6026787720373067952, guid: 7cdfa191446aa6f47b4db87170ef2df5,
        type: 3}
      propertyPath: m_LocalRotation.y
      value: -0
      objectReference: {fileID: 0}
    - target: {fileID: 6026787720373067952, guid: 7cdfa191446aa6f47b4db87170ef2df5,
        type: 3}
      propertyPath: m_LocalRotation.z
      value: -0
      objectReference: {fileID: 0}
    - target: {fileID: 6026787720373067952, guid: 7cdfa191446aa6f47b4db87170ef2df5,
        type: 3}
      propertyPath: m_LocalRotation.w
      value: 0.7071068
      objectReference: {fileID: 0}
    - target: {fileID: 6026787720373067952, guid: 7cdfa191446aa6f47b4db87170ef2df5,
        type: 3}
      propertyPath: m_RootOrder
      value: 0
      objectReference: {fileID: 0}
    - target: {fileID: 6026787720373067952, guid: 7cdfa191446aa6f47b4db87170ef2df5,
        type: 3}
      propertyPath: m_LocalEulerAnglesHint.x
      value: 0
      objectReference: {fileID: 0}
    - target: {fileID: 6026787720373067952, guid: 7cdfa191446aa6f47b4db87170ef2df5,
        type: 3}
      propertyPath: m_LocalEulerAnglesHint.y
      value: 0
      objectReference: {fileID: 0}
    - target: {fileID: 6026787720373067952, guid: 7cdfa191446aa6f47b4db87170ef2df5,
        type: 3}
      propertyPath: m_LocalEulerAnglesHint.z
      value: 0
      objectReference: {fileID: 0}
    - target: {fileID: 6026787720373067952, guid: 7cdfa191446aa6f47b4db87170ef2df5,
        type: 3}
      propertyPath: m_LocalScale.y
      value: 0.00237264
      objectReference: {fileID: 0}
    - target: {fileID: 6026787720373067952, guid: 7cdfa191446aa6f47b4db87170ef2df5,
        type: 3}
      propertyPath: m_LocalScale.z
      value: 0.00237264
      objectReference: {fileID: 0}
    - target: {fileID: 6026787720373067952, guid: 7cdfa191446aa6f47b4db87170ef2df5,
        type: 3}
      propertyPath: m_LocalScale.x
      value: 0.002372639
      objectReference: {fileID: 0}
    - target: {fileID: 6026787720358913520, guid: 7cdfa191446aa6f47b4db87170ef2df5,
        type: 3}
      propertyPath: prewarm
      value: 1
      objectReference: {fileID: 0}
    m_RemovedComponents: []
  m_SourcePrefab: {fileID: 100100000, guid: 7cdfa191446aa6f47b4db87170ef2df5, type: 3}
--- !u!4 &8996338483299907562 stripped
Transform:
  m_CorrespondingSourceObject: {fileID: 6026787720373067952, guid: 7cdfa191446aa6f47b4db87170ef2df5,
    type: 3}
  m_PrefabInstance: {fileID: 3421075108528232282}
  m_PrefabAsset: {fileID: 0}
--- !u!1001 &4544727556529010891
PrefabInstance:
  m_ObjectHideFlags: 0
  serializedVersion: 2
  m_Modification:
    m_TransformParent: {fileID: 4295218153817387015}
    m_Modifications:
    - target: {fileID: 6026787720372845712, guid: 7cdfa191446aa6f47b4db87170ef2df5,
        type: 3}
      propertyPath: m_Name
      value: WhiteSmoke Variant (5)
      objectReference: {fileID: 0}
    - target: {fileID: 6026787720373067952, guid: 7cdfa191446aa6f47b4db87170ef2df5,
        type: 3}
      propertyPath: m_LocalPosition.x
      value: 0.599
      objectReference: {fileID: 0}
    - target: {fileID: 6026787720373067952, guid: 7cdfa191446aa6f47b4db87170ef2df5,
        type: 3}
      propertyPath: m_LocalPosition.y
      value: 0.28799996
      objectReference: {fileID: 0}
    - target: {fileID: 6026787720373067952, guid: 7cdfa191446aa6f47b4db87170ef2df5,
        type: 3}
      propertyPath: m_LocalPosition.z
      value: 0.383
      objectReference: {fileID: 0}
    - target: {fileID: 6026787720373067952, guid: 7cdfa191446aa6f47b4db87170ef2df5,
        type: 3}
      propertyPath: m_LocalRotation.x
      value: -0.7071068
      objectReference: {fileID: 0}
    - target: {fileID: 6026787720373067952, guid: 7cdfa191446aa6f47b4db87170ef2df5,
        type: 3}
      propertyPath: m_LocalRotation.y
      value: -0
      objectReference: {fileID: 0}
    - target: {fileID: 6026787720373067952, guid: 7cdfa191446aa6f47b4db87170ef2df5,
        type: 3}
      propertyPath: m_LocalRotation.z
      value: -0
      objectReference: {fileID: 0}
    - target: {fileID: 6026787720373067952, guid: 7cdfa191446aa6f47b4db87170ef2df5,
        type: 3}
      propertyPath: m_LocalRotation.w
      value: 0.7071068
      objectReference: {fileID: 0}
    - target: {fileID: 6026787720373067952, guid: 7cdfa191446aa6f47b4db87170ef2df5,
        type: 3}
      propertyPath: m_RootOrder
      value: 5
      objectReference: {fileID: 0}
    - target: {fileID: 6026787720373067952, guid: 7cdfa191446aa6f47b4db87170ef2df5,
        type: 3}
      propertyPath: m_LocalEulerAnglesHint.x
      value: 0
      objectReference: {fileID: 0}
    - target: {fileID: 6026787720373067952, guid: 7cdfa191446aa6f47b4db87170ef2df5,
        type: 3}
      propertyPath: m_LocalEulerAnglesHint.y
      value: 0
      objectReference: {fileID: 0}
    - target: {fileID: 6026787720373067952, guid: 7cdfa191446aa6f47b4db87170ef2df5,
        type: 3}
      propertyPath: m_LocalEulerAnglesHint.z
      value: 0
      objectReference: {fileID: 0}
    - target: {fileID: 6026787720373067952, guid: 7cdfa191446aa6f47b4db87170ef2df5,
        type: 3}
      propertyPath: m_LocalScale.y
      value: 0.00237264
      objectReference: {fileID: 0}
    - target: {fileID: 6026787720373067952, guid: 7cdfa191446aa6f47b4db87170ef2df5,
        type: 3}
      propertyPath: m_LocalScale.z
      value: 0.00237264
      objectReference: {fileID: 0}
    - target: {fileID: 6026787720373067952, guid: 7cdfa191446aa6f47b4db87170ef2df5,
        type: 3}
      propertyPath: m_LocalScale.x
      value: 0.002372639
      objectReference: {fileID: 0}
    - target: {fileID: 6026787720358913520, guid: 7cdfa191446aa6f47b4db87170ef2df5,
        type: 3}
      propertyPath: prewarm
      value: 1
      objectReference: {fileID: 0}
    m_RemovedComponents: []
  m_SourcePrefab: {fileID: 100100000, guid: 7cdfa191446aa6f47b4db87170ef2df5, type: 3}
--- !u!4 &7832162320059127931 stripped
Transform:
  m_CorrespondingSourceObject: {fileID: 6026787720373067952, guid: 7cdfa191446aa6f47b4db87170ef2df5,
    type: 3}
  m_PrefabInstance: {fileID: 4544727556529010891}
  m_PrefabAsset: {fileID: 0}
--- !u!1001 &5443647854686035090
PrefabInstance:
  m_ObjectHideFlags: 0
  serializedVersion: 2
  m_Modification:
    m_TransformParent: {fileID: 4295218153817387015}
    m_Modifications:
    - target: {fileID: 6026787720372845712, guid: 7cdfa191446aa6f47b4db87170ef2df5,
        type: 3}
      propertyPath: m_Name
      value: WhiteSmoke Variant (2)
      objectReference: {fileID: 0}
    - target: {fileID: 6026787720373067952, guid: 7cdfa191446aa6f47b4db87170ef2df5,
        type: 3}
      propertyPath: m_LocalPosition.x
      value: 0.599
      objectReference: {fileID: 0}
    - target: {fileID: 6026787720373067952, guid: 7cdfa191446aa6f47b4db87170ef2df5,
        type: 3}
      propertyPath: m_LocalPosition.y
      value: 0.288
      objectReference: {fileID: 0}
    - target: {fileID: 6026787720373067952, guid: 7cdfa191446aa6f47b4db87170ef2df5,
        type: 3}
      propertyPath: m_LocalPosition.z
      value: -0.119
      objectReference: {fileID: 0}
    - target: {fileID: 6026787720373067952, guid: 7cdfa191446aa6f47b4db87170ef2df5,
        type: 3}
      propertyPath: m_LocalRotation.x
      value: -0.7071068
      objectReference: {fileID: 0}
    - target: {fileID: 6026787720373067952, guid: 7cdfa191446aa6f47b4db87170ef2df5,
        type: 3}
      propertyPath: m_LocalRotation.y
      value: -0
      objectReference: {fileID: 0}
    - target: {fileID: 6026787720373067952, guid: 7cdfa191446aa6f47b4db87170ef2df5,
        type: 3}
      propertyPath: m_LocalRotation.z
      value: -0
      objectReference: {fileID: 0}
    - target: {fileID: 6026787720373067952, guid: 7cdfa191446aa6f47b4db87170ef2df5,
        type: 3}
      propertyPath: m_LocalRotation.w
      value: 0.7071068
      objectReference: {fileID: 0}
    - target: {fileID: 6026787720373067952, guid: 7cdfa191446aa6f47b4db87170ef2df5,
        type: 3}
      propertyPath: m_RootOrder
      value: 2
      objectReference: {fileID: 0}
    - target: {fileID: 6026787720373067952, guid: 7cdfa191446aa6f47b4db87170ef2df5,
        type: 3}
      propertyPath: m_LocalEulerAnglesHint.x
      value: 0
      objectReference: {fileID: 0}
    - target: {fileID: 6026787720373067952, guid: 7cdfa191446aa6f47b4db87170ef2df5,
        type: 3}
      propertyPath: m_LocalEulerAnglesHint.y
      value: 0
      objectReference: {fileID: 0}
    - target: {fileID: 6026787720373067952, guid: 7cdfa191446aa6f47b4db87170ef2df5,
        type: 3}
      propertyPath: m_LocalEulerAnglesHint.z
      value: 0
      objectReference: {fileID: 0}
    - target: {fileID: 6026787720373067952, guid: 7cdfa191446aa6f47b4db87170ef2df5,
        type: 3}
      propertyPath: m_LocalScale.y
      value: 0.00237264
      objectReference: {fileID: 0}
    - target: {fileID: 6026787720373067952, guid: 7cdfa191446aa6f47b4db87170ef2df5,
        type: 3}
      propertyPath: m_LocalScale.z
      value: 0.00237264
      objectReference: {fileID: 0}
    - target: {fileID: 6026787720373067952, guid: 7cdfa191446aa6f47b4db87170ef2df5,
        type: 3}
      propertyPath: m_LocalScale.x
      value: 0.002372639
      objectReference: {fileID: 0}
    - target: {fileID: 6026787720358913520, guid: 7cdfa191446aa6f47b4db87170ef2df5,
        type: 3}
      propertyPath: prewarm
      value: 1
      objectReference: {fileID: 0}
    m_RemovedComponents: []
  m_SourcePrefab: {fileID: 100100000, guid: 7cdfa191446aa6f47b4db87170ef2df5, type: 3}
--- !u!4 &1740864876896926754 stripped
Transform:
  m_CorrespondingSourceObject: {fileID: 6026787720373067952, guid: 7cdfa191446aa6f47b4db87170ef2df5,
    type: 3}
  m_PrefabInstance: {fileID: 5443647854686035090}
  m_PrefabAsset: {fileID: 0}
--- !u!1001 &7110512043872682014
PrefabInstance:
  m_ObjectHideFlags: 0
  serializedVersion: 2
  m_Modification:
    m_TransformParent: {fileID: 4010363228510728}
    m_Modifications:
    - target: {fileID: 1202372533661696, guid: 3a701a42b5a78aa40921471d412c6920, type: 3}
      propertyPath: m_Name
      value: ARCell
      objectReference: {fileID: 0}
    - target: {fileID: 1202372533661696, guid: 3a701a42b5a78aa40921471d412c6920, type: 3}
      propertyPath: m_IsActive
      value: 0
      objectReference: {fileID: 0}
    - target: {fileID: 4994374539007964, guid: 3a701a42b5a78aa40921471d412c6920, type: 3}
      propertyPath: m_LocalPosition.x
      value: 0
      objectReference: {fileID: 0}
    - target: {fileID: 4994374539007964, guid: 3a701a42b5a78aa40921471d412c6920, type: 3}
      propertyPath: m_LocalPosition.y
      value: 0.1
      objectReference: {fileID: 0}
    - target: {fileID: 4994374539007964, guid: 3a701a42b5a78aa40921471d412c6920, type: 3}
      propertyPath: m_LocalPosition.z
      value: 0
      objectReference: {fileID: 0}
    - target: {fileID: 4994374539007964, guid: 3a701a42b5a78aa40921471d412c6920, type: 3}
      propertyPath: m_LocalRotation.x
      value: -0
      objectReference: {fileID: 0}
    - target: {fileID: 4994374539007964, guid: 3a701a42b5a78aa40921471d412c6920, type: 3}
      propertyPath: m_LocalRotation.y
      value: -0
      objectReference: {fileID: 0}
    - target: {fileID: 4994374539007964, guid: 3a701a42b5a78aa40921471d412c6920, type: 3}
      propertyPath: m_LocalRotation.z
      value: -0
      objectReference: {fileID: 0}
    - target: {fileID: 4994374539007964, guid: 3a701a42b5a78aa40921471d412c6920, type: 3}
      propertyPath: m_LocalRotation.w
      value: 1
      objectReference: {fileID: 0}
    - target: {fileID: 4994374539007964, guid: 3a701a42b5a78aa40921471d412c6920, type: 3}
      propertyPath: m_RootOrder
      value: 2
      objectReference: {fileID: 0}
    - target: {fileID: 4994374539007964, guid: 3a701a42b5a78aa40921471d412c6920, type: 3}
      propertyPath: m_LocalEulerAnglesHint.x
      value: 0
      objectReference: {fileID: 0}
    - target: {fileID: 4994374539007964, guid: 3a701a42b5a78aa40921471d412c6920, type: 3}
      propertyPath: m_LocalEulerAnglesHint.y
      value: 0
      objectReference: {fileID: 0}
    - target: {fileID: 4994374539007964, guid: 3a701a42b5a78aa40921471d412c6920, type: 3}
      propertyPath: m_LocalEulerAnglesHint.z
      value: 0
      objectReference: {fileID: 0}
    m_RemovedComponents: []
  m_SourcePrefab: {fileID: 100100000, guid: 3a701a42b5a78aa40921471d412c6920, type: 3}
--- !u!4 &7114600391839242178 stripped
Transform:
  m_CorrespondingSourceObject: {fileID: 4994374539007964, guid: 3a701a42b5a78aa40921471d412c6920,
    type: 3}
  m_PrefabInstance: {fileID: 7110512043872682014}
  m_PrefabAsset: {fileID: 0}
--- !u!1001 &7169487050001915792
PrefabInstance:
  m_ObjectHideFlags: 0
  serializedVersion: 2
  m_Modification:
    m_TransformParent: {fileID: 4295218153817387015}
    m_Modifications:
    - target: {fileID: 6026787720372845712, guid: 7cdfa191446aa6f47b4db87170ef2df5,
        type: 3}
      propertyPath: m_Name
      value: WhiteSmoke Variant (1)
      objectReference: {fileID: 0}
    - target: {fileID: 6026787720373067952, guid: 7cdfa191446aa6f47b4db87170ef2df5,
        type: 3}
      propertyPath: m_LocalPosition.x
      value: -0.56200004
      objectReference: {fileID: 0}
    - target: {fileID: 6026787720373067952, guid: 7cdfa191446aa6f47b4db87170ef2df5,
        type: 3}
      propertyPath: m_LocalPosition.y
      value: 0.2882974
      objectReference: {fileID: 0}
    - target: {fileID: 6026787720373067952, guid: 7cdfa191446aa6f47b4db87170ef2df5,
        type: 3}
      propertyPath: m_LocalPosition.z
      value: 0.125
      objectReference: {fileID: 0}
    - target: {fileID: 6026787720373067952, guid: 7cdfa191446aa6f47b4db87170ef2df5,
        type: 3}
      propertyPath: m_LocalRotation.x
      value: -0.7071068
      objectReference: {fileID: 0}
    - target: {fileID: 6026787720373067952, guid: 7cdfa191446aa6f47b4db87170ef2df5,
        type: 3}
      propertyPath: m_LocalRotation.y
      value: -0
      objectReference: {fileID: 0}
    - target: {fileID: 6026787720373067952, guid: 7cdfa191446aa6f47b4db87170ef2df5,
        type: 3}
      propertyPath: m_LocalRotation.z
      value: -0
      objectReference: {fileID: 0}
    - target: {fileID: 6026787720373067952, guid: 7cdfa191446aa6f47b4db87170ef2df5,
        type: 3}
      propertyPath: m_LocalRotation.w
      value: 0.7071068
      objectReference: {fileID: 0}
    - target: {fileID: 6026787720373067952, guid: 7cdfa191446aa6f47b4db87170ef2df5,
        type: 3}
      propertyPath: m_RootOrder
      value: 1
      objectReference: {fileID: 0}
    - target: {fileID: 6026787720373067952, guid: 7cdfa191446aa6f47b4db87170ef2df5,
        type: 3}
      propertyPath: m_LocalEulerAnglesHint.x
      value: 0
      objectReference: {fileID: 0}
    - target: {fileID: 6026787720373067952, guid: 7cdfa191446aa6f47b4db87170ef2df5,
        type: 3}
      propertyPath: m_LocalEulerAnglesHint.y
      value: 0
      objectReference: {fileID: 0}
    - target: {fileID: 6026787720373067952, guid: 7cdfa191446aa6f47b4db87170ef2df5,
        type: 3}
      propertyPath: m_LocalEulerAnglesHint.z
      value: 0
      objectReference: {fileID: 0}
    - target: {fileID: 6026787720373067952, guid: 7cdfa191446aa6f47b4db87170ef2df5,
        type: 3}
      propertyPath: m_LocalScale.y
      value: 0.00237264
      objectReference: {fileID: 0}
    - target: {fileID: 6026787720373067952, guid: 7cdfa191446aa6f47b4db87170ef2df5,
        type: 3}
      propertyPath: m_LocalScale.z
      value: 0.00237264
      objectReference: {fileID: 0}
    - target: {fileID: 6026787720373067952, guid: 7cdfa191446aa6f47b4db87170ef2df5,
        type: 3}
      propertyPath: m_LocalScale.x
      value: 0.002372639
      objectReference: {fileID: 0}
    - target: {fileID: 6026787720358913520, guid: 7cdfa191446aa6f47b4db87170ef2df5,
        type: 3}
      propertyPath: prewarm
      value: 1
      objectReference: {fileID: 0}
    m_RemovedComponents: []
  m_SourcePrefab: {fileID: 100100000, guid: 7cdfa191446aa6f47b4db87170ef2df5, type: 3}
--- !u!4 &3520779154098585376 stripped
Transform:
  m_CorrespondingSourceObject: {fileID: 6026787720373067952, guid: 7cdfa191446aa6f47b4db87170ef2df5,
    type: 3}
  m_PrefabInstance: {fileID: 7169487050001915792}
  m_PrefabAsset: {fileID: 0}
--- !u!1001 &9051126164313646734
PrefabInstance:
  m_ObjectHideFlags: 0
  serializedVersion: 2
  m_Modification:
    m_TransformParent: {fileID: 4295218153817387015}
    m_Modifications:
    - target: {fileID: 6026787720372845712, guid: 7cdfa191446aa6f47b4db87170ef2df5,
        type: 3}
      propertyPath: m_Name
      value: WhiteSmoke Variant (3)
      objectReference: {fileID: 0}
    - target: {fileID: 6026787720373067952, guid: 7cdfa191446aa6f47b4db87170ef2df5,
        type: 3}
      propertyPath: m_LocalPosition.x
      value: 0.583
      objectReference: {fileID: 0}
    - target: {fileID: 6026787720373067952, guid: 7cdfa191446aa6f47b4db87170ef2df5,
        type: 3}
      propertyPath: m_LocalPosition.y
      value: 0.28872037
      objectReference: {fileID: 0}
    - target: {fileID: 6026787720373067952, guid: 7cdfa191446aa6f47b4db87170ef2df5,
        type: 3}
      propertyPath: m_LocalPosition.z
      value: -0.621
      objectReference: {fileID: 0}
    - target: {fileID: 6026787720373067952, guid: 7cdfa191446aa6f47b4db87170ef2df5,
        type: 3}
      propertyPath: m_LocalRotation.x
      value: -0.7071068
      objectReference: {fileID: 0}
    - target: {fileID: 6026787720373067952, guid: 7cdfa191446aa6f47b4db87170ef2df5,
        type: 3}
      propertyPath: m_LocalRotation.y
      value: -0
      objectReference: {fileID: 0}
    - target: {fileID: 6026787720373067952, guid: 7cdfa191446aa6f47b4db87170ef2df5,
        type: 3}
      propertyPath: m_LocalRotation.z
      value: -0
      objectReference: {fileID: 0}
    - target: {fileID: 6026787720373067952, guid: 7cdfa191446aa6f47b4db87170ef2df5,
        type: 3}
      propertyPath: m_LocalRotation.w
      value: 0.7071068
      objectReference: {fileID: 0}
    - target: {fileID: 6026787720373067952, guid: 7cdfa191446aa6f47b4db87170ef2df5,
        type: 3}
      propertyPath: m_RootOrder
      value: 3
      objectReference: {fileID: 0}
    - target: {fileID: 6026787720373067952, guid: 7cdfa191446aa6f47b4db87170ef2df5,
        type: 3}
      propertyPath: m_LocalEulerAnglesHint.x
      value: 0
      objectReference: {fileID: 0}
    - target: {fileID: 6026787720373067952, guid: 7cdfa191446aa6f47b4db87170ef2df5,
        type: 3}
      propertyPath: m_LocalEulerAnglesHint.y
      value: 0
      objectReference: {fileID: 0}
    - target: {fileID: 6026787720373067952, guid: 7cdfa191446aa6f47b4db87170ef2df5,
        type: 3}
      propertyPath: m_LocalEulerAnglesHint.z
      value: 0
      objectReference: {fileID: 0}
    - target: {fileID: 6026787720373067952, guid: 7cdfa191446aa6f47b4db87170ef2df5,
        type: 3}
      propertyPath: m_LocalScale.y
      value: 0.00237264
      objectReference: {fileID: 0}
    - target: {fileID: 6026787720373067952, guid: 7cdfa191446aa6f47b4db87170ef2df5,
        type: 3}
      propertyPath: m_LocalScale.z
      value: 0.00237264
      objectReference: {fileID: 0}
    - target: {fileID: 6026787720373067952, guid: 7cdfa191446aa6f47b4db87170ef2df5,
        type: 3}
      propertyPath: m_LocalScale.x
      value: 0.002372639
      objectReference: {fileID: 0}
    - target: {fileID: 6026787720358913520, guid: 7cdfa191446aa6f47b4db87170ef2df5,
        type: 3}
      propertyPath: prewarm
      value: 1
      objectReference: {fileID: 0}
    m_RemovedComponents: []
  m_SourcePrefab: {fileID: 100100000, guid: 7cdfa191446aa6f47b4db87170ef2df5, type: 3}
--- !u!4 &3332519459401057854 stripped
Transform:
  m_CorrespondingSourceObject: {fileID: 6026787720373067952, guid: 7cdfa191446aa6f47b4db87170ef2df5,
    type: 3}
  m_PrefabInstance: {fileID: 9051126164313646734}
  m_PrefabAsset: {fileID: 0}
