%YAML 1.1
%TAG !u! tag:unity3d.com,2011:
--- !u!1 &3153216501295836539
GameObject:
  m_ObjectHideFlags: 0
  m_CorrespondingSourceObject: {fileID: 0}
  m_PrefabInstance: {fileID: 0}
  m_PrefabAsset: {fileID: 0}
  serializedVersion: 6
  m_Component:
  - component: {fileID: 3562020824565826045}
  m_Layer: 0
  m_Name: Wind_Turbine
  m_TagString: Untagged
  m_Icon: {fileID: 0}
  m_NavMeshLayer: 0
  m_StaticEditorFlags: 0
  m_IsActive: 1
--- !u!4 &3562020824565826045
Transform:
  m_ObjectHideFlags: 0
  m_CorrespondingSourceObject: {fileID: 0}
  m_PrefabInstance: {fileID: 0}
  m_PrefabAsset: {fileID: 0}
  m_GameObject: {fileID: 3153216501295836539}
  m_LocalRotation: {x: 0, y: -0.7071068, z: 0, w: 0.7071068}
  m_LocalPosition: {x: 0, y: 0, z: 0}
  m_LocalScale: {x: 1, y: 1, z: 1}
  m_Children:
  - {fileID: 5613040456652140438}
  - {fileID: 1123984509745727027}
  - {fileID: 3822602237626053725}
  - {fileID: 1955895726698297449}
  - {fileID: 6624723995474298106}
  - {fileID: 2340458234815862680}
  m_Father: {fileID: 0}
  m_RootOrder: 0
  m_LocalEulerAnglesHint: {x: 0, y: -90, z: 0}
--- !u!1 &8465970899172825338
GameObject:
  m_ObjectHideFlags: 0
  m_CorrespondingSourceObject: {fileID: 0}
  m_PrefabInstance: {fileID: 0}
  m_PrefabAsset: {fileID: 0}
  serializedVersion: 6
  m_Component:
  - component: {fileID: 5613040456652140438}
  m_Layer: 0
  m_Name: GameObject
  m_TagString: Untagged
  m_Icon: {fileID: 0}
  m_NavMeshLayer: 0
  m_StaticEditorFlags: 0
  m_IsActive: 1
--- !u!4 &5613040456652140438
Transform:
  m_ObjectHideFlags: 0
  m_CorrespondingSourceObject: {fileID: 0}
  m_PrefabInstance: {fileID: 0}
  m_PrefabAsset: {fileID: 0}
  m_GameObject: {fileID: 8465970899172825338}
  m_LocalRotation: {x: -0, y: -0, z: -0, w: 1}
  m_LocalPosition: {x: 0, y: 0, z: 0}
  m_LocalScale: {x: 1, y: 1, z: 1}
  m_Children:
  - {fileID: 113369857271852545}
  m_Father: {fileID: 3562020824565826045}
  m_RootOrder: 0
  m_LocalEulerAnglesHint: {x: 0, y: 0, z: 0}
--- !u!1001 &810848694046229034
PrefabInstance:
  m_ObjectHideFlags: 0
  serializedVersion: 2
  m_Modification:
    m_TransformParent: {fileID: 3562020824565826045}
    m_Modifications:
    - target: {fileID: 4489010122695603830, guid: 0ca2780f75c4fba4389478eaf777f547,
        type: 3}
      propertyPath: m_Name
      value: Eolienne
      objectReference: {fileID: 0}
    - target: {fileID: 4489010122695603831, guid: 0ca2780f75c4fba4389478eaf777f547,
        type: 3}
      propertyPath: m_LocalPosition.x
      value: -0.5
      objectReference: {fileID: 0}
    - target: {fileID: 4489010122695603831, guid: 0ca2780f75c4fba4389478eaf777f547,
        type: 3}
      propertyPath: m_LocalPosition.y
      value: 0.007999865
      objectReference: {fileID: 0}
    - target: {fileID: 4489010122695603831, guid: 0ca2780f75c4fba4389478eaf777f547,
        type: 3}
      propertyPath: m_LocalPosition.z
      value: -0.318
      objectReference: {fileID: 0}
    - target: {fileID: 4489010122695603831, guid: 0ca2780f75c4fba4389478eaf777f547,
        type: 3}
      propertyPath: m_LocalRotation.x
      value: 0
      objectReference: {fileID: 0}
    - target: {fileID: 4489010122695603831, guid: 0ca2780f75c4fba4389478eaf777f547,
        type: 3}
      propertyPath: m_LocalRotation.y
      value: 0
      objectReference: {fileID: 0}
    - target: {fileID: 4489010122695603831, guid: 0ca2780f75c4fba4389478eaf777f547,
        type: 3}
      propertyPath: m_LocalRotation.z
      value: 0
      objectReference: {fileID: 0}
    - target: {fileID: 4489010122695603831, guid: 0ca2780f75c4fba4389478eaf777f547,
        type: 3}
      propertyPath: m_LocalRotation.w
      value: 1
      objectReference: {fileID: 0}
    - target: {fileID: 4489010122695603831, guid: 0ca2780f75c4fba4389478eaf777f547,
        type: 3}
      propertyPath: m_RootOrder
      value: 2
      objectReference: {fileID: 0}
    - target: {fileID: 4489010122695603831, guid: 0ca2780f75c4fba4389478eaf777f547,
        type: 3}
      propertyPath: m_LocalEulerAnglesHint.x
      value: 0
      objectReference: {fileID: 0}
    - target: {fileID: 4489010122695603831, guid: 0ca2780f75c4fba4389478eaf777f547,
        type: 3}
      propertyPath: m_LocalEulerAnglesHint.y
      value: 0
      objectReference: {fileID: 0}
    - target: {fileID: 4489010122695603831, guid: 0ca2780f75c4fba4389478eaf777f547,
        type: 3}
      propertyPath: m_LocalEulerAnglesHint.z
      value: 0
      objectReference: {fileID: 0}
    - target: {fileID: 4489010122695603831, guid: 0ca2780f75c4fba4389478eaf777f547,
        type: 3}
      propertyPath: m_LocalScale.x
      value: 0.04724102
      objectReference: {fileID: 0}
    - target: {fileID: 4489010122695603831, guid: 0ca2780f75c4fba4389478eaf777f547,
        type: 3}
      propertyPath: m_LocalScale.z
      value: 0.04724102
      objectReference: {fileID: 0}
    - target: {fileID: 4489010122695603831, guid: 0ca2780f75c4fba4389478eaf777f547,
        type: 3}
      propertyPath: m_LocalScale.y
      value: 0.047241002
      objectReference: {fileID: 0}
    - target: {fileID: 4489010122974449424, guid: 0ca2780f75c4fba4389478eaf777f547,
        type: 3}
      propertyPath: m_Controller
      value: 
      objectReference: {fileID: 0}
    m_RemovedComponents: []
  m_SourcePrefab: {fileID: 100100000, guid: 0ca2780f75c4fba4389478eaf777f547, type: 3}
--- !u!4 &3822602237626053725 stripped
Transform:
  m_CorrespondingSourceObject: {fileID: 4489010122695603831, guid: 0ca2780f75c4fba4389478eaf777f547,
    type: 3}
  m_PrefabInstance: {fileID: 810848694046229034}
  m_PrefabAsset: {fileID: 0}
--- !u!1001 &1119302492072071663
PrefabInstance:
  m_ObjectHideFlags: 0
  serializedVersion: 2
  m_Modification:
    m_TransformParent: {fileID: 3562020824565826045}
    m_Modifications:
    - target: {fileID: 1202372533661696, guid: 3a701a42b5a78aa40921471d412c6920, type: 3}
      propertyPath: m_Name
      value: ARCell
      objectReference: {fileID: 0}
    - target: {fileID: 1202372533661696, guid: 3a701a42b5a78aa40921471d412c6920, type: 3}
      propertyPath: m_IsActive
      value: 0
      objectReference: {fileID: 0}
    - target: {fileID: 4994374539007964, guid: 3a701a42b5a78aa40921471d412c6920, type: 3}
      propertyPath: m_LocalPosition.x
      value: 0
      objectReference: {fileID: 0}
    - target: {fileID: 4994374539007964, guid: 3a701a42b5a78aa40921471d412c6920, type: 3}
      propertyPath: m_LocalPosition.y
      value: 0
      objectReference: {fileID: 0}
    - target: {fileID: 4994374539007964, guid: 3a701a42b5a78aa40921471d412c6920, type: 3}
      propertyPath: m_LocalPosition.z
      value: 0
      objectReference: {fileID: 0}
    - target: {fileID: 4994374539007964, guid: 3a701a42b5a78aa40921471d412c6920, type: 3}
      propertyPath: m_LocalRotation.x
      value: -0
      objectReference: {fileID: 0}
    - target: {fileID: 4994374539007964, guid: 3a701a42b5a78aa40921471d412c6920, type: 3}
      propertyPath: m_LocalRotation.y
      value: -0
      objectReference: {fileID: 0}
    - target: {fileID: 4994374539007964, guid: 3a701a42b5a78aa40921471d412c6920, type: 3}
      propertyPath: m_LocalRotation.z
      value: -0
      objectReference: {fileID: 0}
    - target: {fileID: 4994374539007964, guid: 3a701a42b5a78aa40921471d412c6920, type: 3}
      propertyPath: m_LocalRotation.w
      value: 1
      objectReference: {fileID: 0}
    - target: {fileID: 4994374539007964, guid: 3a701a42b5a78aa40921471d412c6920, type: 3}
      propertyPath: m_RootOrder
      value: 1
      objectReference: {fileID: 0}
    - target: {fileID: 4994374539007964, guid: 3a701a42b5a78aa40921471d412c6920, type: 3}
      propertyPath: m_LocalEulerAnglesHint.x
      value: 0
      objectReference: {fileID: 0}
    - target: {fileID: 4994374539007964, guid: 3a701a42b5a78aa40921471d412c6920, type: 3}
      propertyPath: m_LocalEulerAnglesHint.y
      value: 0
      objectReference: {fileID: 0}
    - target: {fileID: 4994374539007964, guid: 3a701a42b5a78aa40921471d412c6920, type: 3}
      propertyPath: m_LocalEulerAnglesHint.z
      value: 0
      objectReference: {fileID: 0}
    - target: {fileID: 23396362133506956, guid: 3a701a42b5a78aa40921471d412c6920,
        type: 3}
      propertyPath: m_Materials.Array.data[0]
      value: 
      objectReference: {fileID: 0}
    m_RemovedComponents: []
  m_SourcePrefab: {fileID: 100100000, guid: 3a701a42b5a78aa40921471d412c6920, type: 3}
--- !u!4 &1123984509745727027 stripped
Transform:
  m_CorrespondingSourceObject: {fileID: 4994374539007964, guid: 3a701a42b5a78aa40921471d412c6920,
    type: 3}
  m_PrefabInstance: {fileID: 1119302492072071663}
  m_PrefabAsset: {fileID: 0}
--- !u!1001 &2177156930616762863
PrefabInstance:
  m_ObjectHideFlags: 0
  serializedVersion: 2
  m_Modification:
    m_TransformParent: {fileID: 3562020824565826045}
    m_Modifications:
    - target: {fileID: 4489010122695603830, guid: 0ca2780f75c4fba4389478eaf777f547,
        type: 3}
      propertyPath: m_Name
      value: Eolienne (3)
      objectReference: {fileID: 0}
    - target: {fileID: 4489010122695603831, guid: 0ca2780f75c4fba4389478eaf777f547,
        type: 3}
      propertyPath: m_LocalPosition.x
      value: 0.255
      objectReference: {fileID: 0}
    - target: {fileID: 4489010122695603831, guid: 0ca2780f75c4fba4389478eaf777f547,
        type: 3}
      propertyPath: m_LocalPosition.y
      value: 0.007999865
      objectReference: {fileID: 0}
    - target: {fileID: 4489010122695603831, guid: 0ca2780f75c4fba4389478eaf777f547,
        type: 3}
      propertyPath: m_LocalPosition.z
      value: -0.324
      objectReference: {fileID: 0}
    - target: {fileID: 4489010122695603831, guid: 0ca2780f75c4fba4389478eaf777f547,
        type: 3}
      propertyPath: m_LocalRotation.x
      value: 0
      objectReference: {fileID: 0}
    - target: {fileID: 4489010122695603831, guid: 0ca2780f75c4fba4389478eaf777f547,
        type: 3}
      propertyPath: m_LocalRotation.y
      value: 0
      objectReference: {fileID: 0}
    - target: {fileID: 4489010122695603831, guid: 0ca2780f75c4fba4389478eaf777f547,
        type: 3}
      propertyPath: m_LocalRotation.z
      value: 0
      objectReference: {fileID: 0}
    - target: {fileID: 4489010122695603831, guid: 0ca2780f75c4fba4389478eaf777f547,
        type: 3}
      propertyPath: m_LocalRotation.w
      value: 1
      objectReference: {fileID: 0}
    - target: {fileID: 4489010122695603831, guid: 0ca2780f75c4fba4389478eaf777f547,
        type: 3}
      propertyPath: m_RootOrder
      value: 5
      objectReference: {fileID: 0}
    - target: {fileID: 4489010122695603831, guid: 0ca2780f75c4fba4389478eaf777f547,
        type: 3}
      propertyPath: m_LocalEulerAnglesHint.x
      value: 0
      objectReference: {fileID: 0}
    - target: {fileID: 4489010122695603831, guid: 0ca2780f75c4fba4389478eaf777f547,
        type: 3}
      propertyPath: m_LocalEulerAnglesHint.y
      value: 0
      objectReference: {fileID: 0}
    - target: {fileID: 4489010122695603831, guid: 0ca2780f75c4fba4389478eaf777f547,
        type: 3}
      propertyPath: m_LocalEulerAnglesHint.z
      value: 0
      objectReference: {fileID: 0}
    - target: {fileID: 4489010122695603831, guid: 0ca2780f75c4fba4389478eaf777f547,
        type: 3}
      propertyPath: m_LocalScale.x
      value: 0.04724102
      objectReference: {fileID: 0}
    - target: {fileID: 4489010122695603831, guid: 0ca2780f75c4fba4389478eaf777f547,
        type: 3}
      propertyPath: m_LocalScale.z
      value: 0.04724102
      objectReference: {fileID: 0}
    - target: {fileID: 4489010122695603831, guid: 0ca2780f75c4fba4389478eaf777f547,
        type: 3}
      propertyPath: m_LocalScale.y
      value: 0.047241002
      objectReference: {fileID: 0}
    - target: {fileID: 4489010122974449424, guid: 0ca2780f75c4fba4389478eaf777f547,
        type: 3}
      propertyPath: m_Controller
      value: 
      objectReference: {fileID: 0}
    m_RemovedComponents: []
  m_SourcePrefab: {fileID: 100100000, guid: 0ca2780f75c4fba4389478eaf777f547, type: 3}
--- !u!4 &2340458234815862680 stripped
Transform:
  m_CorrespondingSourceObject: {fileID: 4489010122695603831, guid: 0ca2780f75c4fba4389478eaf777f547,
    type: 3}
  m_PrefabInstance: {fileID: 2177156930616762863}
  m_PrefabAsset: {fileID: 0}
--- !u!1001 &2695569444585410078
PrefabInstance:
  m_ObjectHideFlags: 0
  serializedVersion: 2
  m_Modification:
    m_TransformParent: {fileID: 3562020824565826045}
    m_Modifications:
    - target: {fileID: 4489010122695603830, guid: 0ca2780f75c4fba4389478eaf777f547,
        type: 3}
      propertyPath: m_Name
      value: Eolienne (1)
      objectReference: {fileID: 0}
    - target: {fileID: 4489010122695603831, guid: 0ca2780f75c4fba4389478eaf777f547,
        type: 3}
      propertyPath: m_LocalPosition.x
      value: -0.5
      objectReference: {fileID: 0}
    - target: {fileID: 4489010122695603831, guid: 0ca2780f75c4fba4389478eaf777f547,
        type: 3}
      propertyPath: m_LocalPosition.y
      value: 0.007999865
      objectReference: {fileID: 0}
    - target: {fileID: 4489010122695603831, guid: 0ca2780f75c4fba4389478eaf777f547,
        type: 3}
      propertyPath: m_LocalPosition.z
      value: 0.32
      objectReference: {fileID: 0}
    - target: {fileID: 4489010122695603831, guid: 0ca2780f75c4fba4389478eaf777f547,
        type: 3}
      propertyPath: m_LocalRotation.x
      value: 0
      objectReference: {fileID: 0}
    - target: {fileID: 4489010122695603831, guid: 0ca2780f75c4fba4389478eaf777f547,
        type: 3}
      propertyPath: m_LocalRotation.y
      value: 0
      objectReference: {fileID: 0}
    - target: {fileID: 4489010122695603831, guid: 0ca2780f75c4fba4389478eaf777f547,
        type: 3}
      propertyPath: m_LocalRotation.z
      value: 0
      objectReference: {fileID: 0}
    - target: {fileID: 4489010122695603831, guid: 0ca2780f75c4fba4389478eaf777f547,
        type: 3}
      propertyPath: m_LocalRotation.w
      value: 1
      objectReference: {fileID: 0}
    - target: {fileID: 4489010122695603831, guid: 0ca2780f75c4fba4389478eaf777f547,
        type: 3}
      propertyPath: m_RootOrder
      value: 3
      objectReference: {fileID: 0}
    - target: {fileID: 4489010122695603831, guid: 0ca2780f75c4fba4389478eaf777f547,
        type: 3}
      propertyPath: m_LocalEulerAnglesHint.x
      value: 0
      objectReference: {fileID: 0}
    - target: {fileID: 4489010122695603831, guid: 0ca2780f75c4fba4389478eaf777f547,
        type: 3}
      propertyPath: m_LocalEulerAnglesHint.y
      value: 0
      objectReference: {fileID: 0}
    - target: {fileID: 4489010122695603831, guid: 0ca2780f75c4fba4389478eaf777f547,
        type: 3}
      propertyPath: m_LocalEulerAnglesHint.z
      value: 0
      objectReference: {fileID: 0}
    - target: {fileID: 4489010122695603831, guid: 0ca2780f75c4fba4389478eaf777f547,
        type: 3}
      propertyPath: m_LocalScale.x
      value: 0.04724102
      objectReference: {fileID: 0}
    - target: {fileID: 4489010122695603831, guid: 0ca2780f75c4fba4389478eaf777f547,
        type: 3}
      propertyPath: m_LocalScale.z
      value: 0.04724102
      objectReference: {fileID: 0}
    - target: {fileID: 4489010122695603831, guid: 0ca2780f75c4fba4389478eaf777f547,
        type: 3}
      propertyPath: m_LocalScale.y
      value: 0.047241002
      objectReference: {fileID: 0}
    - target: {fileID: 4489010122974449424, guid: 0ca2780f75c4fba4389478eaf777f547,
        type: 3}
      propertyPath: m_Controller
      value: 
      objectReference: {fileID: 0}
    m_RemovedComponents: []
  m_SourcePrefab: {fileID: 100100000, guid: 0ca2780f75c4fba4389478eaf777f547, type: 3}
--- !u!4 &1955895726698297449 stripped
Transform:
  m_CorrespondingSourceObject: {fileID: 4489010122695603831, guid: 0ca2780f75c4fba4389478eaf777f547,
    type: 3}
  m_PrefabInstance: {fileID: 2695569444585410078}
  m_PrefabAsset: {fileID: 0}
--- !u!1001 &3091020855545090499
PrefabInstance:
  m_ObjectHideFlags: 0
  serializedVersion: 2
  m_Modification:
    m_TransformParent: {fileID: 5613040456652140438}
    m_Modifications:
    - target: {fileID: 3132049442094338240, guid: 5152704cb4f05a345bead9a757e8470d,
        type: 3}
      propertyPath: m_Name
      value: Tile_Grass
      objectReference: {fileID: 0}
    - target: {fileID: 3132049442094071746, guid: 5152704cb4f05a345bead9a757e8470d,
        type: 3}
      propertyPath: m_LocalPosition.x
      value: -0.007
      objectReference: {fileID: 0}
    - target: {fileID: 3132049442094071746, guid: 5152704cb4f05a345bead9a757e8470d,
        type: 3}
      propertyPath: m_LocalPosition.y
      value: -0.01
      objectReference: {fileID: 0}
    - target: {fileID: 3132049442094071746, guid: 5152704cb4f05a345bead9a757e8470d,
        type: 3}
      propertyPath: m_LocalPosition.z
      value: 0.002
      objectReference: {fileID: 0}
    - target: {fileID: 3132049442094071746, guid: 5152704cb4f05a345bead9a757e8470d,
        type: 3}
      propertyPath: m_LocalRotation.x
      value: -0
      objectReference: {fileID: 0}
    - target: {fileID: 3132049442094071746, guid: 5152704cb4f05a345bead9a757e8470d,
        type: 3}
      propertyPath: m_LocalRotation.y
      value: -0
      objectReference: {fileID: 0}
    - target: {fileID: 3132049442094071746, guid: 5152704cb4f05a345bead9a757e8470d,
        type: 3}
      propertyPath: m_LocalRotation.z
      value: -0
      objectReference: {fileID: 0}
    - target: {fileID: 3132049442094071746, guid: 5152704cb4f05a345bead9a757e8470d,
        type: 3}
      propertyPath: m_LocalRotation.w
      value: 1
      objectReference: {fileID: 0}
    - target: {fileID: 3132049442094071746, guid: 5152704cb4f05a345bead9a757e8470d,
        type: 3}
      propertyPath: m_RootOrder
      value: 0
      objectReference: {fileID: 0}
    - target: {fileID: 3132049442094071746, guid: 5152704cb4f05a345bead9a757e8470d,
        type: 3}
      propertyPath: m_LocalEulerAnglesHint.x
      value: 0
      objectReference: {fileID: 0}
    - target: {fileID: 3132049442094071746, guid: 5152704cb4f05a345bead9a757e8470d,
        type: 3}
      propertyPath: m_LocalEulerAnglesHint.y
      value: 0
      objectReference: {fileID: 0}
    - target: {fileID: 3132049442094071746, guid: 5152704cb4f05a345bead9a757e8470d,
        type: 3}
      propertyPath: m_LocalEulerAnglesHint.z
      value: 0
      objectReference: {fileID: 0}
    - target: {fileID: 3132049442094071746, guid: 5152704cb4f05a345bead9a757e8470d,
        type: 3}
      propertyPath: m_LocalScale.x
      value: 0.14980571
      objectReference: {fileID: 0}
    - target: {fileID: 3132049442094071746, guid: 5152704cb4f05a345bead9a757e8470d,
        type: 3}
      propertyPath: m_LocalScale.y
      value: 0.037067924
      objectReference: {fileID: 0}
    - target: {fileID: 3132049442094071746, guid: 5152704cb4f05a345bead9a757e8470d,
        type: 3}
      propertyPath: m_LocalScale.z
      value: 0.14980571
      objectReference: {fileID: 0}
    m_RemovedComponents: []
  m_SourcePrefab: {fileID: 100100000, guid: 5152704cb4f05a345bead9a757e8470d, type: 3}
--- !u!4 &113369857271852545 stripped
Transform:
  m_CorrespondingSourceObject: {fileID: 3132049442094071746, guid: 5152704cb4f05a345bead9a757e8470d,
    type: 3}
  m_PrefabInstance: {fileID: 3091020855545090499}
  m_PrefabAsset: {fileID: 0}
--- !u!1001 &7323862018709516941
PrefabInstance:
  m_ObjectHideFlags: 0
  serializedVersion: 2
  m_Modification:
    m_TransformParent: {fileID: 3562020824565826045}
    m_Modifications:
    - target: {fileID: 4489010122695603830, guid: 0ca2780f75c4fba4389478eaf777f547,
        type: 3}
      propertyPath: m_Name
      value: Eolienne (2)
      objectReference: {fileID: 0}
    - target: {fileID: 4489010122695603831, guid: 0ca2780f75c4fba4389478eaf777f547,
        type: 3}
      propertyPath: m_LocalPosition.x
      value: 0.255
      objectReference: {fileID: 0}
    - target: {fileID: 4489010122695603831, guid: 0ca2780f75c4fba4389478eaf777f547,
        type: 3}
      propertyPath: m_LocalPosition.y
      value: 0.007999865
      objectReference: {fileID: 0}
    - target: {fileID: 4489010122695603831, guid: 0ca2780f75c4fba4389478eaf777f547,
        type: 3}
      propertyPath: m_LocalPosition.z
      value: 0.32
      objectReference: {fileID: 0}
    - target: {fileID: 4489010122695603831, guid: 0ca2780f75c4fba4389478eaf777f547,
        type: 3}
      propertyPath: m_LocalRotation.x
      value: 0
      objectReference: {fileID: 0}
    - target: {fileID: 4489010122695603831, guid: 0ca2780f75c4fba4389478eaf777f547,
        type: 3}
      propertyPath: m_LocalRotation.y
      value: 0
      objectReference: {fileID: 0}
    - target: {fileID: 4489010122695603831, guid: 0ca2780f75c4fba4389478eaf777f547,
        type: 3}
      propertyPath: m_LocalRotation.z
      value: 0
      objectReference: {fileID: 0}
    - target: {fileID: 4489010122695603831, guid: 0ca2780f75c4fba4389478eaf777f547,
        type: 3}
      propertyPath: m_LocalRotation.w
      value: 1
      objectReference: {fileID: 0}
    - target: {fileID: 4489010122695603831, guid: 0ca2780f75c4fba4389478eaf777f547,
        type: 3}
      propertyPath: m_RootOrder
      value: 4
      objectReference: {fileID: 0}
    - target: {fileID: 4489010122695603831, guid: 0ca2780f75c4fba4389478eaf777f547,
        type: 3}
      propertyPath: m_LocalEulerAnglesHint.x
      value: 0
      objectReference: {fileID: 0}
    - target: {fileID: 4489010122695603831, guid: 0ca2780f75c4fba4389478eaf777f547,
        type: 3}
      propertyPath: m_LocalEulerAnglesHint.y
      value: 0
      objectReference: {fileID: 0}
    - target: {fileID: 4489010122695603831, guid: 0ca2780f75c4fba4389478eaf777f547,
        type: 3}
      propertyPath: m_LocalEulerAnglesHint.z
      value: 0
      objectReference: {fileID: 0}
    - target: {fileID: 4489010122695603831, guid: 0ca2780f75c4fba4389478eaf777f547,
        type: 3}
      propertyPath: m_LocalScale.x
      value: 0.04724102
      objectReference: {fileID: 0}
    - target: {fileID: 4489010122695603831, guid: 0ca2780f75c4fba4389478eaf777f547,
        type: 3}
      propertyPath: m_LocalScale.z
      value: 0.04724102
      objectReference: {fileID: 0}
    - target: {fileID: 4489010122695603831, guid: 0ca2780f75c4fba4389478eaf777f547,
        type: 3}
      propertyPath: m_LocalScale.y
      value: 0.047241002
      objectReference: {fileID: 0}
    - target: {fileID: 4489010122974449424, guid: 0ca2780f75c4fba4389478eaf777f547,
        type: 3}
      propertyPath: m_Controller
      value: 
      objectReference: {fileID: 0}
    m_RemovedComponents: []
  m_SourcePrefab: {fileID: 100100000, guid: 0ca2780f75c4fba4389478eaf777f547, type: 3}
--- !u!4 &6624723995474298106 stripped
Transform:
  m_CorrespondingSourceObject: {fileID: 4489010122695603831, guid: 0ca2780f75c4fba4389478eaf777f547,
    type: 3}
  m_PrefabInstance: {fileID: 7323862018709516941}
  m_PrefabAsset: {fileID: 0}
